{"symbol": "ATPC", "annualReports": [{"fiscalDateEnding": "2024-12-31", "reportedCurrency": "USD", "grossProfit": "759148", "totalRevenue": "1322747", "costOfRevenue": "563599", "costofGoodsAndServicesSold": "563599", "operatingIncome": "-2573343", "sellingGeneralAndAdministrative": "3134874", "researchAndDevelopment": "None", "operatingExpenses": "3332491", "investmentIncomeNet": "None", "netInterestIncome": "67930", "interestIncome": "67930", "interestExpense": "None", "nonInterestIncome": "None", "otherNonOperatingIncome": "None", "depreciation": "None", "depreciationAndAmortization": "226652", "incomeBeforeTax": "-2481110", "incomeTaxExpense": "4934", "interestAndDebtExpense": "None", "netIncomeFromContinuingOperations": "-2486044", "comprehensiveIncomeNetOfTax": "None", "ebit": "-2573343", "ebitda": "-2346691", "netIncome": "-2470474"}, {"fiscalDateEnding": "2023-12-31", "reportedCurrency": "USD", "grossProfit": "936572", "totalRevenue": "1431088", "costOfRevenue": "494516", "costofGoodsAndServicesSold": "494516", "operatingIncome": "-2146579", "sellingGeneralAndAdministrative": "2366016", "researchAndDevelopment": "None", "operatingExpenses": "3083151", "investmentIncomeNet": "None", "netInterestIncome": "9594", "interestIncome": "9594", "interestExpense": "None", "nonInterestIncome": "None", "otherNonOperatingIncome": "None", "depreciation": "None", "depreciationAndAmortization": "223194", "incomeBeforeTax": "-2106360", "incomeTaxExpense": "3575", "interestAndDebtExpense": "None", "netIncomeFromContinuingOperations": "-1861331", "comprehensiveIncomeNetOfTax": "None", "ebit": "-2146579", "ebitda": "-1923385", "netIncome": "-2101985"}, {"fiscalDateEnding": "2022-12-31", "reportedCurrency": "USD", "grossProfit": "1190522", "totalRevenue": "1856564", "costOfRevenue": "666042", "costofGoodsAndServicesSold": "666042", "operatingIncome": "-1533266", "sellingGeneralAndAdministrative": "1957023", "researchAndDevelopment": "None", "operatingExpenses": "2723788", "investmentIncomeNet": "None", "netInterestIncome": "16190", "interestIncome": "16190", "interestExpense": "None", "nonInterestIncome": "None", "otherNonOperatingIncome": "None", "depreciation": "None", "depreciationAndAmortization": "217940", "incomeBeforeTax": "-1670134", "incomeTaxExpense": "-4055", "interestAndDebtExpense": "None", "netIncomeFromContinuingOperations": "-1666079", "comprehensiveIncomeNetOfTax": "None", "ebit": "-1533266", "ebitda": "-1315326", "netIncome": "-1686899"}, {"fiscalDateEnding": "2021-12-31", "reportedCurrency": "USD", "grossProfit": "719629", "totalRevenue": "1016962", "costOfRevenue": "297333", "costofGoodsAndServicesSold": "297333", "operatingIncome": "-1858568", "sellingGeneralAndAdministrative": "1745734", "researchAndDevelopment": "None", "operatingExpenses": "2578197", "investmentIncomeNet": "None", "netInterestIncome": "25570", "interestIncome": "25570", "interestExpense": "None", "nonInterestIncome": "None", "otherNonOperatingIncome": "None", "depreciation": "None", "depreciationAndAmortization": "217209", "incomeBeforeTax": "-2387613", "incomeTaxExpense": "137067", "interestAndDebtExpense": "None", "netIncomeFromContinuingOperations": "-2524680", "comprehensiveIncomeNetOfTax": "None", "ebit": "-1858568", "ebitda": "-1641359", "netIncome": "-2524244"}, {"fiscalDateEnding": "2020-12-31", "reportedCurrency": "USD", "grossProfit": "2676766", "totalRevenue": "3452621", "costOfRevenue": "775855", "costofGoodsAndServicesSold": "775855", "operatingIncome": "-158135", "sellingGeneralAndAdministrative": "1627660", "researchAndDevelopment": "None", "operatingExpenses": "2834901", "investmentIncomeNet": "None", "netInterestIncome": "None", "interestIncome": "None", "interestExpense": "None", "nonInterestIncome": "None", "otherNonOperatingIncome": "None", "depreciation": "None", "depreciationAndAmortization": "163473", "incomeBeforeTax": "516347", "incomeTaxExpense": "161581", "interestAndDebtExpense": "None", "netIncomeFromContinuingOperations": "354766", "comprehensiveIncomeNetOfTax": "None", "ebit": "-158135", "ebitda": "5338", "netIncome": "354766"}, {"fiscalDateEnding": "2019-12-31", "reportedCurrency": "USD", "grossProfit": "91766", "totalRevenue": "858724", "costOfRevenue": "766958", "costofGoodsAndServicesSold": "766958", "operatingIncome": "-532774", "sellingGeneralAndAdministrative": "324785", "researchAndDevelopment": "None", "operatingExpenses": "624540", "investmentIncomeNet": "None", "netInterestIncome": "None", "interestIncome": "None", "interestExpense": "None", "nonInterestIncome": "None", "otherNonOperatingIncome": "None", "depreciation": "None", "depreciationAndAmortization": "310432", "incomeBeforeTax": "-677862", "incomeTaxExpense": "6965", "interestAndDebtExpense": "None", "netIncomeFromContinuingOperations": "None", "comprehensiveIncomeNetOfTax": "None", "ebit": "-843202", "ebitda": "-677866", "netIncome": "-677862"}, {"fiscalDateEnding": "2018-12-31", "reportedCurrency": "USD", "grossProfit": "109352", "totalRevenue": "1546057", "costOfRevenue": "1436705", "costofGoodsAndServicesSold": "1436705", "operatingIncome": "-514513", "sellingGeneralAndAdministrative": "None", "researchAndDevelopment": "None", "operatingExpenses": "607356", "investmentIncomeNet": "None", "netInterestIncome": "None", "interestIncome": "None", "interestExpense": "None", "nonInterestIncome": "None", "otherNonOperatingIncome": "None", "depreciation": "None", "depreciationAndAmortization": "161141", "incomeBeforeTax": "-519642", "incomeTaxExpense": "-177650", "interestAndDebtExpense": "None", "netIncomeFromContinuingOperations": "None", "comprehensiveIncomeNetOfTax": "None", "ebit": "-514513", "ebitda": "-514513", "netIncome": "-519642"}, {"fiscalDateEnding": "2017-12-31", "reportedCurrency": "USD", "grossProfit": "45596", "totalRevenue": "487005", "costOfRevenue": "441409", "costofGoodsAndServicesSold": "441409", "operatingIncome": "-366965", "sellingGeneralAndAdministrative": "None", "researchAndDevelopment": "None", "operatingExpenses": "276471", "investmentIncomeNet": "None", "netInterestIncome": "None", "interestIncome": "None", "interestExpense": "None", "nonInterestIncome": "None", "otherNonOperatingIncome": "None", "depreciation": "None", "depreciationAndAmortization": "234086", "incomeBeforeTax": "-124940", "incomeTaxExpense": "5334", "interestAndDebtExpense": "None", "netIncomeFromContinuingOperations": "None", "comprehensiveIncomeNetOfTax": "None", "ebit": "-366965", "ebitda": "-366965", "netIncome": "-130274"}, {"fiscalDateEnding": "2016-12-31", "reportedCurrency": "USD", "grossProfit": "None", "totalRevenue": "None", "costOfRevenue": "None", "costofGoodsAndServicesSold": "None", "operatingIncome": "-75362", "sellingGeneralAndAdministrative": "None", "researchAndDevelopment": "None", "operatingExpenses": "75362", "investmentIncomeNet": "None", "netInterestIncome": "None", "interestIncome": "None", "interestExpense": "None", "nonInterestIncome": "None", "otherNonOperatingIncome": "None", "depreciation": "None", "depreciationAndAmortization": "75362", "incomeBeforeTax": "-75362", "incomeTaxExpense": "-75362", "interestAndDebtExpense": "None", "netIncomeFromContinuingOperations": "None", "comprehensiveIncomeNetOfTax": "None", "ebit": "-75362", "ebitda": "-75362", "netIncome": "-75362"}, {"fiscalDateEnding": "2015-12-31", "reportedCurrency": "None", "grossProfit": "None", "totalRevenue": "None", "costOfRevenue": "None", "costofGoodsAndServicesSold": "None", "operatingIncome": "-300000", "sellingGeneralAndAdministrative": "300000", "researchAndDevelopment": "None", "operatingExpenses": "300000", "investmentIncomeNet": "None", "netInterestIncome": "None", "interestIncome": "None", "interestExpense": "None", "nonInterestIncome": "None", "otherNonOperatingIncome": "None", "depreciation": "None", "depreciationAndAmortization": "300000", "incomeBeforeTax": "-300000", "incomeTaxExpense": "None", "interestAndDebtExpense": "None", "netIncomeFromContinuingOperations": "None", "comprehensiveIncomeNetOfTax": "None", "ebit": "None", "ebitda": "None", "netIncome": "-300000"}], "quarterlyReports": [{"fiscalDateEnding": "2025-09-30", "reportedCurrency": "USD", "grossProfit": "239103", "totalRevenue": "370593", "costOfRevenue": "131490", "costofGoodsAndServicesSold": "131490", "operatingIncome": "-601321", "sellingGeneralAndAdministrative": "751415", "researchAndDevelopment": "None", "operatingExpenses": "840424", "investmentIncomeNet": "None", "netInterestIncome": "0", "interestIncome": "0", "interestExpense": "None", "nonInterestIncome": "None", "otherNonOperatingIncome": "None", "depreciation": "None", "depreciationAndAmortization": "76071", "incomeBeforeTax": "-594174", "incomeTaxExpense": "-1196", "interestAndDebtExpense": "None", "netIncomeFromContinuingOperations": "-595370", "comprehensiveIncomeNetOfTax": "None", "ebit": "-594174", "ebitda": "-518103", "netIncome": "-592978"}, {"fiscalDateEnding": "2025-06-30", "reportedCurrency": "USD", "grossProfit": "208940", "totalRevenue": "465499", "costOfRevenue": "256559", "costofGoodsAndServicesSold": "256559", "operatingIncome": "-636961", "sellingGeneralAndAdministrative": "767343", "researchAndDevelopment": "None", "operatingExpenses": "845901", "investmentIncomeNet": "None", "netInterestIncome": "153", "interestIncome": "153", "interestExpense": "None", "nonInterestIncome": "None", "otherNonOperatingIncome": "None", "depreciation": "None", "depreciationAndAmortization": "44236", "incomeBeforeTax": "-623246", "incomeTaxExpense": "None", "interestAndDebtExpense": "None", "netIncomeFromContinuingOperations": "-623246", "comprehensiveIncomeNetOfTax": "None", "ebit": "-636961", "ebitda": "-592725", "netIncome": "-617078"}, {"fiscalDateEnding": "2025-03-31", "reportedCurrency": "USD", "grossProfit": "156286", "totalRevenue": "289037", "costOfRevenue": "132751", "costofGoodsAndServicesSold": "132751", "operatingIncome": "-720404", "sellingGeneralAndAdministrative": "805693", "researchAndDevelopment": "None", "operatingExpenses": "876690", "investmentIncomeNet": "None", "netInterestIncome": "3263", "interestIncome": "3263", "interestExpense": "None", "nonInterestIncome": "None", "otherNonOperatingIncome": "None", "depreciation": "None", "depreciationAndAmortization": "51025", "incomeBeforeTax": "-712919", "incomeTaxExpense": "-13970", "interestAndDebtExpense": "None", "netIncomeFromContinuingOperations": "-712919", "comprehensiveIncomeNetOfTax": "None", "ebit": "-720404", "ebitda": "-669379", "netIncome": "-698949"}, {"fiscalDateEnding": "2024-12-31", "reportedCurrency": "USD", "grossProfit": "177982", "totalRevenue": "359776", "costOfRevenue": "181794", "costofGoodsAndServicesSold": "181794", "operatingIncome": "-848109", "sellingGeneralAndAdministrative": "981985", "researchAndDevelopment": "None", "operatingExpenses": "1026091", "investmentIncomeNet": "None", "netInterestIncome": "9498", "interestIncome": "9498", "interestExpense": "None", "nonInterestIncome": "None", "otherNonOperatingIncome": "None", "depreciation": "None", "depreciationAndAmortization": "68487", "incomeBeforeTax": "-835464", "incomeTaxExpense": "-8869", "interestAndDebtExpense": "None", "netIncomeFromContinuingOperations": "-826595", "comprehensiveIncomeNetOfTax": "None", "ebit": "-848109", "ebitda": "-779622", "netIncome": "-808439"}, {"fiscalDateEnding": "2024-09-30", "reportedCurrency": "USD", "grossProfit": "184185", "totalRevenue": "331289", "costOfRevenue": "147104", "costofGoodsAndServicesSold": "147104", "operatingIncome": "-548110", "sellingGeneralAndAdministrative": "683819", "researchAndDevelopment": "None", "operatingExpenses": "732295", "investmentIncomeNet": "None", "netInterestIncome": "16291", "interestIncome": "16291", "interestExpense": "None", "nonInterestIncome": "None", "otherNonOperatingIncome": "None", "depreciation": "None", "depreciationAndAmortization": "63973", "incomeBeforeTax": "-526914", "incomeTaxExpense": "-2875", "interestAndDebtExpense": "None", "netIncomeFromContinuingOperations": "-524039", "comprehensiveIncomeNetOfTax": "None", "ebit": "-548110", "ebitda": "-484137", "netIncome": "-509628"}, {"fiscalDateEnding": "2024-06-30", "reportedCurrency": "USD", "grossProfit": "193561", "totalRevenue": "313039", "costOfRevenue": "119478", "costofGoodsAndServicesSold": "119478", "operatingIncome": "-453585", "sellingGeneralAndAdministrative": "601803", "researchAndDevelopment": "None", "operatingExpenses": "647146", "investmentIncomeNet": "None", "netInterestIncome": "19332", "interestIncome": "19332", "interestExpense": "None", "nonInterestIncome": "None", "otherNonOperatingIncome": "None", "depreciation": "None", "depreciationAndAmortization": "47406", "incomeBeforeTax": "-422475", "incomeTaxExpense": "9840", "interestAndDebtExpense": "None", "netIncomeFromContinuingOperations": "-432315", "comprehensiveIncomeNetOfTax": "None", "ebit": "-453585", "ebitda": "-406179", "netIncome": "-442699"}, {"fiscalDateEnding": "2024-03-31", "reportedCurrency": "USD", "grossProfit": "203420", "totalRevenue": "318643", "costOfRevenue": "115223", "costofGoodsAndServicesSold": "115223", "operatingIncome": "-723538", "sellingGeneralAndAdministrative": "867266", "researchAndDevelopment": "None", "operatingExpenses": "926958", "investmentIncomeNet": "None", "netInterestIncome": "22809", "interestIncome": "22809", "interestExpense": "None", "nonInterestIncome": "None", "otherNonOperatingIncome": "None", "depreciation": "None", "depreciationAndAmortization": "46786", "incomeBeforeTax": "-696256", "incomeTaxExpense": "6838", "interestAndDebtExpense": "None", "netIncomeFromContinuingOperations": "-703094", "comprehensiveIncomeNetOfTax": "None", "ebit": "-723538", "ebitda": "-676752", "netIncome": "-709707"}, {"fiscalDateEnding": "2023-12-31", "reportedCurrency": "USD", "grossProfit": "238086", "totalRevenue": "391071", "costOfRevenue": "152985", "costofGoodsAndServicesSold": "152985", "operatingIncome": "-1016080", "sellingGeneralAndAdministrative": "811774", "researchAndDevelopment": "None", "operatingExpenses": "1254170", "investmentIncomeNet": "None", "netInterestIncome": "23774", "interestIncome": "23774", "interestExpense": "None", "nonInterestIncome": "None", "otherNonOperatingIncome": "None", "depreciation": "None", "depreciationAndAmortization": "49966", "incomeBeforeTax": "-965389", "incomeTaxExpense": "6287", "interestAndDebtExpense": "None", "netIncomeFromContinuingOperations": "-971676", "comprehensiveIncomeNetOfTax": "None", "ebit": "-1016076", "ebitda": "-966110", "netIncome": "-974430"}, {"fiscalDateEnding": "2023-09-30", "reportedCurrency": "USD", "grossProfit": "234728", "totalRevenue": "355314", "costOfRevenue": "120586", "costofGoodsAndServicesSold": "120586", "operatingIncome": "-317078", "sellingGeneralAndAdministrative": "488519", "researchAndDevelopment": "None", "operatingExpenses": "551806", "investmentIncomeNet": "None", "netInterestIncome": "658", "interestIncome": "658", "interestExpense": "None", "nonInterestIncome": "None", "otherNonOperatingIncome": "None", "depreciation": "None", "depreciationAndAmortization": "55631", "incomeBeforeTax": "-320792", "incomeTaxExpense": "3943", "interestAndDebtExpense": "None", "netIncomeFromContinuingOperations": "-324735", "comprehensiveIncomeNetOfTax": "None", "ebit": "-317078", "ebitda": "-261447", "netIncome": "-327029"}, {"fiscalDateEnding": "2023-06-30", "reportedCurrency": "USD", "grossProfit": "196004", "totalRevenue": "303935", "costOfRevenue": "107931", "costofGoodsAndServicesSold": "107931", "operatingIncome": "-359533", "sellingGeneralAndAdministrative": "469469", "researchAndDevelopment": "None", "operatingExpenses": "555537", "investmentIncomeNet": "None", "netInterestIncome": "1634", "interestIncome": "1634", "interestExpense": "None", "nonInterestIncome": "None", "otherNonOperatingIncome": "None", "depreciation": "None", "depreciationAndAmortization": "56503", "incomeBeforeTax": "-381888", "incomeTaxExpense": "-2439", "interestAndDebtExpense": "None", "netIncomeFromContinuingOperations": "-379449", "comprehensiveIncomeNetOfTax": "None", "ebit": "-359533", "ebitda": "-303030", "netIncome": "-374686"}, {"fiscalDateEnding": "2023-03-31", "reportedCurrency": "USD", "grossProfit": "252408", "totalRevenue": "380767", "costOfRevenue": "128359", "costofGoodsAndServicesSold": "128359", "operatingIncome": "-453885", "sellingGeneralAndAdministrative": "596253", "researchAndDevelopment": "None", "operatingExpenses": "706293", "investmentIncomeNet": "None", "netInterestIncome": "3183", "interestIncome": "3183", "interestExpense": "None", "nonInterestIncome": "None", "otherNonOperatingIncome": "None", "depreciation": "None", "depreciationAndAmortization": "61094", "incomeBeforeTax": "-438292", "incomeTaxExpense": "-4217", "interestAndDebtExpense": "None", "netIncomeFromContinuingOperations": "-434075", "comprehensiveIncomeNetOfTax": "None", "ebit": "-453885", "ebitda": "-392791", "netIncome": "-425840"}, {"fiscalDateEnding": "2022-12-31", "reportedCurrency": "USD", "grossProfit": "61525", "totalRevenue": "387008", "costOfRevenue": "325483", "costofGoodsAndServicesSold": "325483", "operatingIncome": "-761543", "sellingGeneralAndAdministrative": "670592", "researchAndDevelopment": "None", "operatingExpenses": "823068", "investmentIncomeNet": "None", "netInterestIncome": "4119", "interestIncome": "4119", "interestExpense": "None", "nonInterestIncome": "None", "otherNonOperatingIncome": "None", "depreciation": "None", "depreciationAndAmortization": "56180", "incomeBeforeTax": "-716810", "incomeTaxExpense": "6262", "interestAndDebtExpense": "None", "netIncomeFromContinuingOperations": "-723072", "comprehensiveIncomeNetOfTax": "None", "ebit": "-761543", "ebitda": "-705363", "netIncome": "-732188"}, {"fiscalDateEnding": "2022-09-30", "reportedCurrency": "USD", "grossProfit": "506144", "totalRevenue": "663889", "costOfRevenue": "157745", "costofGoodsAndServicesSold": "157745", "operatingIncome": "-193308", "sellingGeneralAndAdministrative": "456027", "researchAndDevelopment": "None", "operatingExpenses": "699452", "investmentIncomeNet": "None", "netInterestIncome": "3820", "interestIncome": "3820", "interestExpense": "None", "nonInterestIncome": "None", "otherNonOperatingIncome": "None", "depreciation": "None", "depreciationAndAmortization": "48961", "incomeBeforeTax": "-259214", "incomeTaxExpense": "-18997", "interestAndDebtExpense": "None", "netIncomeFromContinuingOperations": "-240217", "comprehensiveIncomeNetOfTax": "None", "ebit": "-193308", "ebitda": "-144347", "netIncome": "-240712"}, {"fiscalDateEnding": "2022-06-30", "reportedCurrency": "USD", "grossProfit": "287324", "totalRevenue": "396707", "costOfRevenue": "109383", "costofGoodsAndServicesSold": "109383", "operatingIncome": "-306183", "sellingGeneralAndAdministrative": "451363", "researchAndDevelopment": "None", "operatingExpenses": "593507", "investmentIncomeNet": "None", "netInterestIncome": "None", "interestIncome": "None", "interestExpense": "None", "nonInterestIncome": "None", "otherNonOperatingIncome": "None", "depreciation": "None", "depreciationAndAmortization": "54555", "incomeBeforeTax": "-403952", "incomeTaxExpense": "392", "interestAndDebtExpense": "None", "netIncomeFromContinuingOperations": "None", "comprehensiveIncomeNetOfTax": "None", "ebit": "-306183", "ebitda": "-251628", "netIncome": "-414900"}, {"fiscalDateEnding": "2022-03-31", "reportedCurrency": "USD", "grossProfit": "335529", "totalRevenue": "408960", "costOfRevenue": "73431", "costofGoodsAndServicesSold": "73431", "operatingIncome": "-272232", "sellingGeneralAndAdministrative": "379041", "researchAndDevelopment": "None", "operatingExpenses": "607761", "investmentIncomeNet": "None", "netInterestIncome": "None", "interestIncome": "None", "interestExpense": "None", "nonInterestIncome": "None", "otherNonOperatingIncome": "None", "depreciation": "None", "depreciationAndAmortization": "58244", "incomeBeforeTax": "-290158", "incomeTaxExpense": "8288", "interestAndDebtExpense": "None", "netIncomeFromContinuingOperations": "None", "comprehensiveIncomeNetOfTax": "None", "ebit": "-272232", "ebitda": "-213988", "netIncome": "-299097"}, {"fiscalDateEnding": "2021-12-31", "reportedCurrency": "USD", "grossProfit": "62656", "totalRevenue": "210112", "costOfRevenue": "147456", "costofGoodsAndServicesSold": "147456", "operatingIncome": "-742065", "sellingGeneralAndAdministrative": "651692", "researchAndDevelopment": "None", "operatingExpenses": "804721", "investmentIncomeNet": "None", "netInterestIncome": "None", "interestIncome": "None", "interestExpense": "None", "nonInterestIncome": "None", "otherNonOperatingIncome": "None", "depreciation": "None", "depreciationAndAmortization": "46130", "incomeBeforeTax": "-836021", "incomeTaxExpense": "141519", "interestAndDebtExpense": "None", "netIncomeFromContinuingOperations": "None", "comprehensiveIncomeNetOfTax": "None", "ebit": "-742065", "ebitda": "-695935", "netIncome": "-977104"}, {"fiscalDateEnding": "2021-09-30", "reportedCurrency": "USD", "grossProfit": "164621", "totalRevenue": "201284", "costOfRevenue": "36663", "costofGoodsAndServicesSold": "36663", "operatingIncome": "-364996", "sellingGeneralAndAdministrative": "369946", "researchAndDevelopment": "None", "operatingExpenses": "529617", "investmentIncomeNet": "None", "netInterestIncome": "None", "interestIncome": "None", "interestExpense": "None", "nonInterestIncome": "None", "otherNonOperatingIncome": "None", "depreciation": "None", "depreciationAndAmortization": "56507", "incomeBeforeTax": "-585808", "incomeTaxExpense": "-14543", "interestAndDebtExpense": "None", "netIncomeFromContinuingOperations": "None", "comprehensiveIncomeNetOfTax": "None", "ebit": "-364996", "ebitda": "-308489", "netIncome": "-571265"}, {"fiscalDateEnding": "2021-06-30", "reportedCurrency": "USD", "grossProfit": "268163", "totalRevenue": "303786", "costOfRevenue": "35623", "costofGoodsAndServicesSold": "35623", "operatingIncome": "-408997", "sellingGeneralAndAdministrative": "361862", "researchAndDevelopment": "None", "operatingExpenses": "677160", "investmentIncomeNet": "None", "netInterestIncome": "None", "interestIncome": "None", "interestExpense": "None", "nonInterestIncome": "None", "otherNonOperatingIncome": "None", "depreciation": "None", "depreciationAndAmortization": "57286", "incomeBeforeTax": "-638254", "incomeTaxExpense": "3971", "interestAndDebtExpense": "None", "netIncomeFromContinuingOperations": "None", "comprehensiveIncomeNetOfTax": "None", "ebit": "-408997", "ebitda": "-351711", "netIncome": "-642225"}, {"fiscalDateEnding": "2021-03-31", "reportedCurrency": "USD", "grossProfit": "224189", "totalRevenue": "301780", "costOfRevenue": "77591", "costofGoodsAndServicesSold": "77591", "operatingIncome": "-342510", "sellingGeneralAndAdministrative": "362146", "researchAndDevelopment": "None", "operatingExpenses": "566699", "investmentIncomeNet": "None", "netInterestIncome": "None", "interestIncome": "None", "interestExpense": "None", "nonInterestIncome": "None", "otherNonOperatingIncome": "None", "depreciation": "None", "depreciationAndAmortization": "57286", "incomeBeforeTax": "-327530", "incomeTaxExpense": "6120", "interestAndDebtExpense": "None", "netIncomeFromContinuingOperations": "None", "comprehensiveIncomeNetOfTax": "None", "ebit": "-342510", "ebitda": "-285224", "netIncome": "-333650"}, {"fiscalDateEnding": "2020-12-31", "reportedCurrency": "USD", "grossProfit": "398286", "totalRevenue": "515696", "costOfRevenue": "117410", "costofGoodsAndServicesSold": "117410", "operatingIncome": "-455460", "sellingGeneralAndAdministrative": "598608", "researchAndDevelopment": "None", "operatingExpenses": "853746", "investmentIncomeNet": "None", "netInterestIncome": "None", "interestIncome": "None", "interestExpense": "None", "nonInterestIncome": "None", "otherNonOperatingIncome": "None", "depreciation": "None", "depreciationAndAmortization": "55909", "incomeBeforeTax": "53812", "incomeTaxExpense": "-30427", "interestAndDebtExpense": "None", "netIncomeFromContinuingOperations": "None", "comprehensiveIncomeNetOfTax": "None", "ebit": "-455460", "ebitda": "-399551", "netIncome": "84239"}, {"fiscalDateEnding": "2020-09-30", "reportedCurrency": "USD", "grossProfit": "1226172", "totalRevenue": "1413063", "costOfRevenue": "186891", "costofGoodsAndServicesSold": "186891", "operatingIncome": "410649", "sellingGeneralAndAdministrative": "355274", "researchAndDevelopment": "None", "operatingExpenses": "815523", "investmentIncomeNet": "None", "netInterestIncome": "None", "interestIncome": "None", "interestExpense": "None", "nonInterestIncome": "None", "otherNonOperatingIncome": "None", "depreciation": "None", "depreciationAndAmortization": "56610", "incomeBeforeTax": "472978", "incomeTaxExpense": "57941", "interestAndDebtExpense": "None", "netIncomeFromContinuingOperations": "None", "comprehensiveIncomeNetOfTax": "None", "ebit": "410649", "ebitda": "467259", "netIncome": "415037"}, {"fiscalDateEnding": "2020-06-30", "reportedCurrency": "USD", "grossProfit": "1052308", "totalRevenue": "1523862", "costOfRevenue": "471554", "costofGoodsAndServicesSold": "471554", "operatingIncome": "46192", "sellingGeneralAndAdministrative": "514724", "researchAndDevelopment": "None", "operatingExpenses": "1006116", "investmentIncomeNet": "None", "netInterestIncome": "None", "interestIncome": "None", "interestExpense": "None", "nonInterestIncome": "None", "otherNonOperatingIncome": "None", "depreciation": "None", "depreciationAndAmortization": "50954", "incomeBeforeTax": "221307", "incomeTaxExpense": "134067", "interestAndDebtExpense": "None", "netIncomeFromContinuingOperations": "None", "comprehensiveIncomeNetOfTax": "None", "ebit": "46192", "ebitda": "97146", "netIncome": "87240"}, {"fiscalDateEnding": "2020-03-31", "reportedCurrency": "USD", "grossProfit": "26353", "totalRevenue": "236736", "costOfRevenue": "210383", "costofGoodsAndServicesSold": "210383", "operatingIncome": "-159516", "sellingGeneralAndAdministrative": "159516", "researchAndDevelopment": "None", "operatingExpenses": "159516", "investmentIncomeNet": "None", "netInterestIncome": "None", "interestIncome": "None", "interestExpense": "None", "nonInterestIncome": "None", "otherNonOperatingIncome": "None", "depreciation": "None", "depreciationAndAmortization": "159516", "incomeBeforeTax": "-231750", "incomeTaxExpense": "-140978", "interestAndDebtExpense": "None", "netIncomeFromContinuingOperations": "None", "comprehensiveIncomeNetOfTax": "None", "ebit": "-300494", "ebitda": "-140978", "netIncome": "-231750"}, {"fiscalDateEnding": "2019-12-31", "reportedCurrency": "None", "grossProfit": "19530", "totalRevenue": "192626", "costOfRevenue": "173096", "costofGoodsAndServicesSold": "173096", "operatingIncome": "-148458", "sellingGeneralAndAdministrative": "178329", "researchAndDevelopment": "None", "operatingExpenses": "167988", "investmentIncomeNet": "None", "netInterestIncome": "None", "interestIncome": "None", "interestExpense": "None", "nonInterestIncome": "None", "otherNonOperatingIncome": "None", "depreciation": "None", "depreciationAndAmortization": "185398", "incomeBeforeTax": "-240867", "incomeTaxExpense": "-55469", "interestAndDebtExpense": "None", "netIncomeFromContinuingOperations": "None", "comprehensiveIncomeNetOfTax": "None", "ebit": "-240867", "ebitda": "-240869", "netIncome": "-240867"}, {"fiscalDateEnding": "2019-09-30", "reportedCurrency": "USD", "grossProfit": "26353", "totalRevenue": "236736", "costOfRevenue": "210383", "costofGoodsAndServicesSold": "210383", "operatingIncome": "-98064", "sellingGeneralAndAdministrative": "89444", "researchAndDevelopment": "None", "operatingExpenses": "124417", "investmentIncomeNet": "None", "netInterestIncome": "None", "interestIncome": "None", "interestExpense": "None", "nonInterestIncome": "None", "otherNonOperatingIncome": "None", "depreciation": "None", "depreciationAndAmortization": "76829", "incomeBeforeTax": "-98064", "incomeTaxExpense": "6965", "interestAndDebtExpense": "None", "netIncomeFromContinuingOperations": "None", "comprehensiveIncomeNetOfTax": "None", "ebit": "-91099", "ebitda": "-98064", "netIncome": "-98064"}, {"fiscalDateEnding": "2019-06-30", "reportedCurrency": "USD", "grossProfit": "-700", "totalRevenue": "396472", "costOfRevenue": "397172", "costofGoodsAndServicesSold": "397172", "operatingIncome": "-534489", "sellingGeneralAndAdministrative": "39343", "researchAndDevelopment": "None", "operatingExpenses": "533789", "investmentIncomeNet": "None", "netInterestIncome": "None", "interestIncome": "None", "interestExpense": "None", "nonInterestIncome": "None", "otherNonOperatingIncome": "None", "depreciation": "None", "depreciationAndAmortization": "59938", "incomeBeforeTax": "-448411", "incomeTaxExpense": "3261", "interestAndDebtExpense": "None", "netIncomeFromContinuingOperations": "None", "comprehensiveIncomeNetOfTax": "None", "ebit": "-529058", "ebitda": "-534489", "netIncome": "-448411"}, {"fiscalDateEnding": "2019-03-31", "reportedCurrency": "USD", "grossProfit": "44119", "totalRevenue": "464297", "costOfRevenue": "420178", "costofGoodsAndServicesSold": "420178", "operatingIncome": "73826", "sellingGeneralAndAdministrative": "None", "researchAndDevelopment": "None", "operatingExpenses": "-29707", "investmentIncomeNet": "None", "netInterestIncome": "None", "interestIncome": "None", "interestExpense": "None", "nonInterestIncome": "None", "otherNonOperatingIncome": "None", "depreciation": "None", "depreciationAndAmortization": "-15893", "incomeBeforeTax": "64250", "incomeTaxExpense": "-6965", "interestAndDebtExpense": "None", "netIncomeFromContinuingOperations": "None", "comprehensiveIncomeNetOfTax": "None", "ebit": "73210", "ebitda": "73826", "netIncome": "71215"}, {"fiscalDateEnding": "2018-12-31", "reportedCurrency": "USD", "grossProfit": "28989", "totalRevenue": "269921", "costOfRevenue": "240932", "costofGoodsAndServicesSold": "240932", "operatingIncome": "42034", "sellingGeneralAndAdministrative": "None", "researchAndDevelopment": "None", "operatingExpenses": "-13384", "investmentIncomeNet": "None", "netInterestIncome": "None", "interestIncome": "None", "interestExpense": "None", "nonInterestIncome": "None", "otherNonOperatingIncome": "None", "depreciation": "None", "depreciationAndAmortization": "None", "incomeBeforeTax": "-3319", "incomeTaxExpense": "3261", "interestAndDebtExpense": "None", "netIncomeFromContinuingOperations": "None", "comprehensiveIncomeNetOfTax": "None", "ebit": "None", "ebitda": "42034", "netIncome": "-6580"}, {"fiscalDateEnding": "2018-09-30", "reportedCurrency": "USD", "grossProfit": "36944", "totalRevenue": "415367", "costOfRevenue": "378423", "costofGoodsAndServicesSold": "378423", "operatingIncome": "76811", "sellingGeneralAndAdministrative": "None", "researchAndDevelopment": "None", "operatingExpenses": "38565", "investmentIncomeNet": "None", "netInterestIncome": "None", "interestIncome": "None", "interestExpense": "None", "nonInterestIncome": "None", "otherNonOperatingIncome": "None", "depreciation": "None", "depreciationAndAmortization": "None", "incomeBeforeTax": "-132162", "incomeTaxExpense": "3704", "interestAndDebtExpense": "None", "netIncomeFromContinuingOperations": "None", "comprehensiveIncomeNetOfTax": "None", "ebit": "None", "ebitda": "-80053", "netIncome": "-135866"}, {"fiscalDateEnding": "2018-06-30", "reportedCurrency": "USD", "grossProfit": "-1184", "totalRevenue": "-621", "costOfRevenue": "563", "costofGoodsAndServicesSold": "563", "operatingIncome": "-30362", "sellingGeneralAndAdministrative": "32492", "researchAndDevelopment": "None", "operatingExpenses": "30304", "investmentIncomeNet": "None", "netInterestIncome": "None", "interestIncome": "None", "interestExpense": "None", "nonInterestIncome": "None", "otherNonOperatingIncome": "None", "depreciation": "None", "depreciationAndAmortization": "31855", "incomeBeforeTax": "71393", "incomeTaxExpense": "-348", "interestAndDebtExpense": "None", "netIncomeFromContinuingOperations": "None", "comprehensiveIncomeNetOfTax": "None", "ebit": "-62217", "ebitda": "-30362", "netIncome": "71741"}, {"fiscalDateEnding": "2018-03-31", "reportedCurrency": "USD", "grossProfit": "-3571", "totalRevenue": "-1873", "costOfRevenue": "1698", "costofGoodsAndServicesSold": "1698", "operatingIncome": "-28856", "sellingGeneralAndAdministrative": "23981", "researchAndDevelopment": "None", "operatingExpenses": "28856", "investmentIncomeNet": "None", "netInterestIncome": "None", "interestIncome": "None", "interestExpense": "None", "nonInterestIncome": "None", "otherNonOperatingIncome": "None", "depreciation": "None", "depreciationAndAmortization": "28864", "incomeBeforeTax": "-24676", "incomeTaxExpense": "1504", "interestAndDebtExpense": "None", "netIncomeFromContinuingOperations": "None", "comprehensiveIncomeNetOfTax": "None", "ebit": "-23172", "ebitda": "5692", "netIncome": "-24676"}, {"fiscalDateEnding": "2017-12-31", "reportedCurrency": "USD", "grossProfit": "-1195", "totalRevenue": "-627", "costOfRevenue": "568", "costofGoodsAndServicesSold": "568", "operatingIncome": "-123978", "sellingGeneralAndAdministrative": "4419", "researchAndDevelopment": "None", "operatingExpenses": "123978", "investmentIncomeNet": "None", "netInterestIncome": "None", "interestIncome": "None", "interestExpense": "None", "nonInterestIncome": "None", "otherNonOperatingIncome": "None", "depreciation": "None", "depreciationAndAmortization": "124419", "incomeBeforeTax": "-123978", "incomeTaxExpense": "34", "interestAndDebtExpense": "None", "netIncomeFromContinuingOperations": "None", "comprehensiveIncomeNetOfTax": "None", "ebit": "-123944", "ebitda": "475", "netIncome": "-123978"}, {"fiscalDateEnding": "2017-09-30", "reportedCurrency": "USD", "grossProfit": "45888", "totalRevenue": "490126", "costOfRevenue": "444238", "costofGoodsAndServicesSold": "444238", "operatingIncome": "-45365", "sellingGeneralAndAdministrative": "90763", "researchAndDevelopment": "None", "operatingExpenses": "91253", "investmentIncomeNet": "None", "netInterestIncome": "None", "interestIncome": "None", "interestExpense": "2092", "nonInterestIncome": "None", "otherNonOperatingIncome": "None", "depreciation": "None", "depreciationAndAmortization": "47462", "incomeBeforeTax": "-47457", "incomeTaxExpense": "7152", "interestAndDebtExpense": "None", "netIncomeFromContinuingOperations": "None", "comprehensiveIncomeNetOfTax": "None", "ebit": "-47457", "ebitda": "5", "netIncome": "-54609"}, {"fiscalDateEnding": "2017-06-30", "reportedCurrency": "USD", "grossProfit": "None", "totalRevenue": "None", "costOfRevenue": "None", "costofGoodsAndServicesSold": "None", "operatingIncome": "-75362", "sellingGeneralAndAdministrative": "None", "researchAndDevelopment": "None", "operatingExpenses": "75362", "investmentIncomeNet": "None", "netInterestIncome": "None", "interestIncome": "None", "interestExpense": "None", "nonInterestIncome": "None", "otherNonOperatingIncome": "None", "depreciation": "None", "depreciationAndAmortization": "None", "incomeBeforeTax": "-75362", "incomeTaxExpense": "None", "interestAndDebtExpense": "None", "netIncomeFromContinuingOperations": "None", "comprehensiveIncomeNetOfTax": "None", "ebit": "None", "ebitda": "-75362", "netIncome": "-75362"}]}