{"symbol": "ON", "annualReports": [{"fiscalDateEnding": "2025-12-31", "reportedCurrency": "USD", "grossProfit": "1936000000", "totalRevenue": "5995400000", "costOfRevenue": "4059400000", "costofGoodsAndServicesSold": "4059400000", "operatingIncome": "747600000", "sellingGeneralAndAdministrative": "348900000", "researchAndDevelopment": "583600000", "operatingExpenses": "1188400000", "investmentIncomeNet": "None", "netInterestIncome": "24200000", "interestIncome": "95100000", "interestExpense": "70900000", "nonInterestIncome": "None", "otherNonOperatingIncome": "None", "depreciation": "None", "depreciationAndAmortization": "686000000", "incomeBeforeTax": "131300000", "incomeTaxExpense": "7700000", "interestAndDebtExpense": "None", "netIncomeFromContinuingOperations": "123600000", "comprehensiveIncomeNetOfTax": "None", "ebit": "202200000", "ebitda": "888200000", "netIncome": "121000000"}, {"fiscalDateEnding": "2024-12-31", "reportedCurrency": "USD", "grossProfit": "3216100000", "totalRevenue": "7082300000", "costOfRevenue": "3866200000", "costofGoodsAndServicesSold": "3866200000", "operatingIncome": "1767700000", "sellingGeneralAndAdministrative": "376300000", "researchAndDevelopment": "612700000", "operatingExpenses": "1448400000", "investmentIncomeNet": "None", "netInterestIncome": "49100000", "interestIncome": "111400000", "interestExpense": "62300000", "nonInterestIncome": "None", "otherNonOperatingIncome": "None", "depreciation": "None", "depreciationAndAmortization": "642900000", "incomeBeforeTax": "1837400000", "incomeTaxExpense": "262800000", "interestAndDebtExpense": "None", "netIncomeFromContinuingOperations": "1574600000", "comprehensiveIncomeNetOfTax": "None", "ebit": "1899700000", "ebitda": "2542600000", "netIncome": "1572800000"}, {"fiscalDateEnding": "2023-12-31", "reportedCurrency": "USD", "grossProfit": "3883500000", "totalRevenue": "8253000000", "costOfRevenue": "4369500000", "costofGoodsAndServicesSold": "4369500000", "operatingIncome": "2538700000", "sellingGeneralAndAdministrative": "362400000", "researchAndDevelopment": "577300000", "operatingExpenses": "1344800000", "investmentIncomeNet": "None", "netInterestIncome": "18300000", "interestIncome": "93100000", "interestExpense": "74800000", "nonInterestIncome": "None", "otherNonOperatingIncome": "None", "depreciation": "None", "depreciationAndAmortization": "609500000", "incomeBeforeTax": "2535800000", "incomeTaxExpense": "-350200000", "interestAndDebtExpense": "None", "netIncomeFromContinuingOperations": "2185600000", "comprehensiveIncomeNetOfTax": "None", "ebit": "2538700000", "ebitda": "2538700000", "netIncome": "2183700000"}, {"fiscalDateEnding": "2022-12-31", "reportedCurrency": "USD", "grossProfit": "4077200000", "totalRevenue": "8326200000", "costOfRevenue": "4249000000", "costofGoodsAndServicesSold": "4249000000", "operatingIncome": "2360000000", "sellingGeneralAndAdministrative": "343200000", "researchAndDevelopment": "600200000", "operatingExpenses": "1717200000", "investmentIncomeNet": "None", "netInterestIncome": "-79400000", "interestIncome": "15500000", "interestExpense": "94900000", "nonInterestIncome": "None", "otherNonOperatingIncome": "97100000", "depreciation": "None", "depreciationAndAmortization": "551800000", "incomeBeforeTax": "2362200000", "incomeTaxExpense": "458400000", "interestAndDebtExpense": "None", "netIncomeFromContinuingOperations": "1902200000", "comprehensiveIncomeNetOfTax": "None", "ebit": "2457100000", "ebitda": "3008900000", "netIncome": "1902200000"}, {"fiscalDateEnding": "2021-12-31", "reportedCurrency": "USD", "grossProfit": "2714300000", "totalRevenue": "6739800000", "costOfRevenue": "4025500000", "costofGoodsAndServicesSold": "4025500000", "operatingIncome": "1287600000", "sellingGeneralAndAdministrative": "304800000", "researchAndDevelopment": "655000000", "operatingExpenses": "1426700000", "investmentIncomeNet": "None", "netInterestIncome": "-129000000", "interestIncome": "1400000", "interestExpense": "130400000", "nonInterestIncome": "None", "otherNonOperatingIncome": "600000", "depreciation": "None", "depreciationAndAmortization": "596700000", "incomeBeforeTax": "1157800000", "incomeTaxExpense": "146600000", "interestAndDebtExpense": "None", "netIncomeFromContinuingOperations": "1011200000", "comprehensiveIncomeNetOfTax": "None", "ebit": "1288200000", "ebitda": "1884900000", "netIncome": "1009600000"}, {"fiscalDateEnding": "2020-12-31", "reportedCurrency": "USD", "grossProfit": "1715800000", "totalRevenue": "5255000000", "costOfRevenue": "3539200000", "costofGoodsAndServicesSold": "3539200000", "operatingIncome": "348700000", "sellingGeneralAndAdministrative": "258700000", "researchAndDevelopment": "642900000", "operatingExpenses": "1367100000", "investmentIncomeNet": "None", "netInterestIncome": "-163500000", "interestIncome": "4900000", "interestExpense": "168400000", "nonInterestIncome": "None", "otherNonOperatingIncome": "-3700000", "depreciation": "None", "depreciationAndAmortization": "625100000", "incomeBeforeTax": "176600000", "incomeTaxExpense": "-59800000", "interestAndDebtExpense": "None", "netIncomeFromContinuingOperations": "234200000", "comprehensiveIncomeNetOfTax": "None", "ebit": "345000000", "ebitda": "970100000", "netIncome": "234200000"}, {"fiscalDateEnding": "2019-12-31", "reportedCurrency": "USD", "grossProfit": "1973600000", "totalRevenue": "5517900000", "costOfRevenue": "3544300000", "costofGoodsAndServicesSold": "3544300000", "operatingIncome": "632500000", "sellingGeneralAndAdministrative": "284000000", "researchAndDevelopment": "640900000", "operatingExpenses": "1341100000", "investmentIncomeNet": "None", "netInterestIncome": "-138100000", "interestIncome": "10200000", "interestExpense": "148300000", "nonInterestIncome": "None", "otherNonOperatingIncome": "-7800000", "depreciation": "None", "depreciationAndAmortization": "593100000", "incomeBeforeTax": "276600000", "incomeTaxExpense": "62700000", "interestAndDebtExpense": "None", "netIncomeFromContinuingOperations": "211700000", "comprehensiveIncomeNetOfTax": "None", "ebit": "424900000", "ebitda": "1018000000", "netIncome": "211700000"}, {"fiscalDateEnding": "2018-12-31", "reportedCurrency": "USD", "grossProfit": "2238700000", "totalRevenue": "5878300000", "costOfRevenue": "3639600000", "costofGoodsAndServicesSold": "3639600000", "operatingIncome": "858300000", "sellingGeneralAndAdministrative": "293300000", "researchAndDevelopment": "650700000", "operatingExpenses": "1380400000", "investmentIncomeNet": "None", "netInterestIncome": "-122100000", "interestIncome": "6100000", "interestExpense": "128200000", "nonInterestIncome": "None", "otherNonOperatingIncome": "36000000", "depreciation": "None", "depreciationAndAmortization": "508700000", "incomeBeforeTax": "755000000", "incomeTaxExpense": "125100000", "interestAndDebtExpense": "None", "netIncomeFromContinuingOperations": "627400000", "comprehensiveIncomeNetOfTax": "None", "ebit": "883200000", "ebitda": "1391900000", "netIncome": "627400000"}, {"fiscalDateEnding": "2017-12-31", "reportedCurrency": "USD", "grossProfit": "2035600000", "totalRevenue": "5543100000", "costOfRevenue": "3507500000", "costofGoodsAndServicesSold": "3507500000", "operatingIncome": "715500000", "sellingGeneralAndAdministrative": "285000000", "researchAndDevelopment": "594700000", "operatingExpenses": "1320100000", "investmentIncomeNet": "None", "netInterestIncome": "-138200000", "interestIncome": "3000000", "interestExpense": "141200000", "nonInterestIncome": "None", "otherNonOperatingIncome": "7800000", "depreciation": "None", "depreciationAndAmortization": "481900000", "incomeBeforeTax": "547500000", "incomeTaxExpense": "-265500000", "interestAndDebtExpense": "None", "netIncomeFromContinuingOperations": "810700000", "comprehensiveIncomeNetOfTax": "None", "ebit": "688700000", "ebitda": "1170600000", "netIncome": "810700000"}, {"fiscalDateEnding": "2016-12-31", "reportedCurrency": "USD", "grossProfit": "1300500000", "totalRevenue": "3906900000", "costOfRevenue": "2606400000", "costofGoodsAndServicesSold": "2606400000", "operatingIncome": "282200000", "sellingGeneralAndAdministrative": "230000000", "researchAndDevelopment": "446800000", "operatingExpenses": "1018300000", "investmentIncomeNet": "None", "netInterestIncome": "-140800000", "interestIncome": "4500000", "interestExpense": "145300000", "nonInterestIncome": "None", "otherNonOperatingIncome": "89800000", "depreciation": "None", "depreciationAndAmortization": "364100000", "incomeBeforeTax": "180600000", "incomeTaxExpense": "-3900000", "interestAndDebtExpense": "None", "netIncomeFromContinuingOperations": "182100000", "comprehensiveIncomeNetOfTax": "None", "ebit": "325900000", "ebitda": "690000000", "netIncome": "182100000"}, {"fiscalDateEnding": "2015-12-31", "reportedCurrency": "USD", "grossProfit": "1193200000", "totalRevenue": "3495800000", "costOfRevenue": "2302600000", "costofGoodsAndServicesSold": "2302600000", "operatingIncome": "274200000", "sellingGeneralAndAdministrative": "182300000", "researchAndDevelopment": "396700000", "operatingExpenses": "919000000", "investmentIncomeNet": "None", "netInterestIncome": "None", "interestIncome": "52700000", "interestExpense": "49700000", "nonInterestIncome": "None", "otherNonOperatingIncome": "8400000", "depreciation": "None", "depreciationAndAmortization": "357600000", "incomeBeforeTax": "219800000", "incomeTaxExpense": "10800000", "interestAndDebtExpense": "None", "netIncomeFromContinuingOperations": "206200000", "comprehensiveIncomeNetOfTax": "None", "ebit": "269500000", "ebitda": "627100000", "netIncome": "206200000"}, {"fiscalDateEnding": "2014-12-31", "reportedCurrency": "USD", "grossProfit": "1084900000", "totalRevenue": "3161800000", "costOfRevenue": "2076900000", "costofGoodsAndServicesSold": "2076900000", "operatingIncome": "269000000", "sellingGeneralAndAdministrative": "180900000", "researchAndDevelopment": "366600000", "operatingExpenses": "815900000", "investmentIncomeNet": "None", "netInterestIncome": "None", "interestIncome": "None", "interestExpense": "34100000", "nonInterestIncome": "None", "otherNonOperatingIncome": "-37000000", "depreciation": "None", "depreciationAndAmortization": "268800000", "incomeBeforeTax": "191900000", "incomeTaxExpense": "-200000", "interestAndDebtExpense": "None", "netIncomeFromContinuingOperations": "189700000", "comprehensiveIncomeNetOfTax": "None", "ebit": "226000000", "ebitda": "494800000", "netIncome": "189700000"}, {"fiscalDateEnding": "2013-12-31", "reportedCurrency": "USD", "grossProfit": "929100000", "totalRevenue": "2782700000", "costOfRevenue": "1853600000", "costofGoodsAndServicesSold": "1853600000", "operatingIncome": "242100000", "sellingGeneralAndAdministrative": "148500000", "researchAndDevelopment": "334200000", "operatingExpenses": "687000000", "investmentIncomeNet": "None", "netInterestIncome": "None", "interestIncome": "None", "interestExpense": "38600000", "nonInterestIncome": "None", "otherNonOperatingIncome": "-37300000", "depreciation": "None", "depreciationAndAmortization": "211800000", "incomeBeforeTax": "170000000", "incomeTaxExpense": "16400000", "interestAndDebtExpense": "None", "netIncomeFromContinuingOperations": "150800000", "comprehensiveIncomeNetOfTax": "None", "ebit": "208600000", "ebitda": "420400000", "netIncome": "150400000"}, {"fiscalDateEnding": "2012-12-31", "reportedCurrency": "USD", "grossProfit": "946300000", "totalRevenue": "2894900000", "costOfRevenue": "1948600000", "costofGoodsAndServicesSold": "1948600000", "operatingIncome": "192900000", "sellingGeneralAndAdministrative": "160600000", "researchAndDevelopment": "367500000", "operatingExpenses": "753400000", "investmentIncomeNet": "None", "netInterestIncome": "None", "interestIncome": "None", "interestExpense": "56100000", "nonInterestIncome": "None", "otherNonOperatingIncome": "-56600000", "depreciation": "None", "depreciationAndAmortization": "243600000", "incomeBeforeTax": "-76900000", "incomeTaxExpense": "16000000", "interestAndDebtExpense": "None", "netIncomeFromContinuingOperations": "-90600000", "comprehensiveIncomeNetOfTax": "None", "ebit": "-20800000", "ebitda": "222800000", "netIncome": "-97200000"}, {"fiscalDateEnding": "2011-12-31", "reportedCurrency": "USD", "grossProfit": "1008800000", "totalRevenue": "3442300000", "costOfRevenue": "2433500000", "costofGoodsAndServicesSold": "2433500000", "operatingIncome": "216100000", "sellingGeneralAndAdministrative": "192400000", "researchAndDevelopment": "362500000", "operatingExpenses": "792700000", "investmentIncomeNet": "None", "netInterestIncome": "None", "interestIncome": "None", "interestExpense": "68900000", "nonInterestIncome": "None", "otherNonOperatingIncome": "-6700000", "depreciation": "None", "depreciationAndAmortization": "229400000", "incomeBeforeTax": "37800000", "incomeTaxExpense": "22900000", "interestAndDebtExpense": "None", "netIncomeFromContinuingOperations": "14900000", "comprehensiveIncomeNetOfTax": "None", "ebit": "106700000", "ebitda": "336100000", "netIncome": "11600000"}, {"fiscalDateEnding": "2010-12-31", "reportedCurrency": "USD", "grossProfit": "956000000", "totalRevenue": "2313400000", "costOfRevenue": "1357400000", "costofGoodsAndServicesSold": "1357400000", "operatingIncome": "400800000", "sellingGeneralAndAdministrative": "129900000", "researchAndDevelopment": "248000000", "operatingExpenses": "555200000", "investmentIncomeNet": "None", "netInterestIncome": "None", "interestIncome": "None", "interestExpense": "61400000", "nonInterestIncome": "None", "otherNonOperatingIncome": "-7100000", "depreciation": "None", "depreciationAndAmortization": "166900000", "incomeBeforeTax": "305700000", "incomeTaxExpense": "12800000", "interestAndDebtExpense": "None", "netIncomeFromContinuingOperations": "292900000", "comprehensiveIncomeNetOfTax": "None", "ebit": "367100000", "ebitda": "534000000", "netIncome": "290500000"}, {"fiscalDateEnding": "2009-12-31", "reportedCurrency": "USD", "grossProfit": "620700000", "totalRevenue": "1768900000", "costOfRevenue": "1148200000", "costofGoodsAndServicesSold": "1148200000", "operatingIncome": "167500000", "sellingGeneralAndAdministrative": "104500000", "researchAndDevelopment": "198800000", "operatingExpenses": "453200000", "investmentIncomeNet": "None", "netInterestIncome": "None", "interestIncome": "None", "interestExpense": "64600000", "nonInterestIncome": "None", "otherNonOperatingIncome": "None", "depreciation": "None", "depreciationAndAmortization": "155600000", "incomeBeforeTax": "71000000", "incomeTaxExpense": "7700000", "interestAndDebtExpense": "None", "netIncomeFromContinuingOperations": "None", "comprehensiveIncomeNetOfTax": "None", "ebit": "135600000", "ebitda": "291200000", "netIncome": "61000000"}, {"fiscalDateEnding": "2008-12-31", "reportedCurrency": "USD", "grossProfit": "781800000", "totalRevenue": "2054800000", "costOfRevenue": "1309300000", "costofGoodsAndServicesSold": "1309300000", "operatingIncome": "231900000", "sellingGeneralAndAdministrative": "122400000", "researchAndDevelopment": "233900000", "operatingExpenses": "513600000", "investmentIncomeNet": "None", "netInterestIncome": "None", "interestIncome": "None", "interestExpense": "79900000", "nonInterestIncome": "None", "otherNonOperatingIncome": "None", "depreciation": "None", "depreciationAndAmortization": "142100000", "incomeBeforeTax": "-438000000", "incomeTaxExpense": "-9400000", "interestAndDebtExpense": "None", "netIncomeFromContinuingOperations": "None", "comprehensiveIncomeNetOfTax": "None", "ebit": "-358100000", "ebitda": "-216000000", "netIncome": "-428900000"}, {"fiscalDateEnding": "2007-12-31", "reportedCurrency": "USD", "grossProfit": "590500000", "totalRevenue": "1566200000", "costOfRevenue": "975700000", "costofGoodsAndServicesSold": "975700000", "operatingIncome": "280200000", "sellingGeneralAndAdministrative": "82700000", "researchAndDevelopment": "133000000", "operatingExpenses": "310300000", "investmentIncomeNet": "None", "netInterestIncome": "None", "interestIncome": "None", "interestExpense": "38800000", "nonInterestIncome": "None", "otherNonOperatingIncome": "None", "depreciation": "None", "depreciationAndAmortization": "92800000", "incomeBeforeTax": "251300000", "incomeTaxExpense": "7700000", "interestAndDebtExpense": "None", "netIncomeFromContinuingOperations": "None", "comprehensiveIncomeNetOfTax": "None", "ebit": "290100000", "ebitda": "382900000", "netIncome": "242200000"}, {"fiscalDateEnding": "2006-12-31", "reportedCurrency": "USD", "grossProfit": "589000000", "totalRevenue": "1531800000", "costOfRevenue": "942800000", "costofGoodsAndServicesSold": "942800000", "operatingIncome": "310100000", "sellingGeneralAndAdministrative": "86700000", "researchAndDevelopment": "101200000", "operatingExpenses": "278900000", "investmentIncomeNet": "None", "netInterestIncome": "None", "interestIncome": "None", "interestExpense": "51800000", "nonInterestIncome": "None", "otherNonOperatingIncome": "None", "depreciation": "None", "depreciationAndAmortization": "84200000", "incomeBeforeTax": "276200000", "incomeTaxExpense": "900000", "interestAndDebtExpense": "None", "netIncomeFromContinuingOperations": "None", "comprehensiveIncomeNetOfTax": "None", "ebit": "310100000", "ebitda": "394300000", "netIncome": "272100000"}], "quarterlyReports": [{"fiscalDateEnding": "2025-12-31", "reportedCurrency": "USD", "grossProfit": "534299999", "totalRevenue": "1530100000", "costOfRevenue": "995800000", "costofGoodsAndServicesSold": "995800000", "operatingIncome": "253000000", "sellingGeneralAndAdministrative": "86000000", "researchAndDevelopment": "133800000", "operatingExpenses": "281300000", "investmentIncomeNet": "None", "netInterestIncome": "3300000", "interestIncome": "20600000", "interestExpense": "17300000", "nonInterestIncome": "None", "otherNonOperatingIncome": "None", "depreciation": "None", "depreciationAndAmortization": "214900000", "incomeBeforeTax": "217100000", "incomeTaxExpense": "35300000", "interestAndDebtExpense": "None", "netIncomeFromContinuingOperations": "181800000", "comprehensiveIncomeNetOfTax": "None", "ebit": "234400000", "ebitda": "449300000", "netIncome": "181800000"}, {"fiscalDateEnding": "2025-09-30", "reportedCurrency": "USD", "grossProfit": "587200000", "totalRevenue": "1550900000", "costOfRevenue": "963700000", "costofGoodsAndServicesSold": "963700000", "operatingIncome": "264400000", "sellingGeneralAndAdministrative": "87300000", "researchAndDevelopment": "141900000", "operatingExpenses": "322800000", "investmentIncomeNet": "None", "netInterestIncome": "5000000", "interestIncome": "22700000", "interestExpense": "17700000", "nonInterestIncome": "None", "otherNonOperatingIncome": "None", "depreciation": "None", "depreciationAndAmortization": "146500000", "incomeBeforeTax": "273000000", "incomeTaxExpense": "17700000", "interestAndDebtExpense": "None", "netIncomeFromContinuingOperations": "255300000", "comprehensiveIncomeNetOfTax": "None", "ebit": "290700000", "ebitda": "437200000", "netIncome": "255000000"}, {"fiscalDateEnding": "2025-06-30", "reportedCurrency": "USD", "grossProfit": "551900000", "totalRevenue": "1468700000", "costOfRevenue": "916800000", "costofGoodsAndServicesSold": "916800000", "operatingIncome": "193400000", "sellingGeneralAndAdministrative": "91200000", "researchAndDevelopment": "143800000", "operatingExpenses": "358500000", "investmentIncomeNet": "None", "netInterestIncome": "7300000", "interestIncome": "25200000", "interestExpense": "17900000", "nonInterestIncome": "None", "otherNonOperatingIncome": "None", "depreciation": "None", "depreciationAndAmortization": "156400000", "incomeBeforeTax": "202200000", "incomeTaxExpense": "30500000", "interestAndDebtExpense": "None", "netIncomeFromContinuingOperations": "171700000", "comprehensiveIncomeNetOfTax": "None", "ebit": "220100000", "ebitda": "376500000", "netIncome": "170300000"}, {"fiscalDateEnding": "2025-03-31", "reportedCurrency": "USD", "grossProfit": "293800000", "totalRevenue": "1445700000", "costOfRevenue": "1151900000", "costofGoodsAndServicesSold": "1151900000", "operatingIncome": "-573700000", "sellingGeneralAndAdministrative": "84400000", "researchAndDevelopment": "164100000", "operatingExpenses": "867500000", "investmentIncomeNet": "None", "netInterestIncome": "8600000", "interestIncome": "26600000", "interestExpense": "18000000", "nonInterestIncome": "None", "otherNonOperatingIncome": "None", "depreciation": "None", "depreciationAndAmortization": "168200000", "incomeBeforeTax": "-561000000", "incomeTaxExpense": "-75800000", "interestAndDebtExpense": "None", "netIncomeFromContinuingOperations": "-485200000", "comprehensiveIncomeNetOfTax": "None", "ebit": "-543000000", "ebitda": "-374800000", "netIncome": "-486100000"}, {"fiscalDateEnding": "2024-12-31", "reportedCurrency": "USD", "grossProfit": "779100000", "totalRevenue": "1722500000", "costOfRevenue": "943400000", "costofGoodsAndServicesSold": "943400000", "operatingIncome": "408600000", "sellingGeneralAndAdministrative": "100500000", "researchAndDevelopment": "155200000", "operatingExpenses": "370500000", "investmentIncomeNet": "None", "netInterestIncome": "12500000", "interestIncome": "27800000", "interestExpense": "15300000", "nonInterestIncome": "None", "otherNonOperatingIncome": "None", "depreciation": "None", "depreciationAndAmortization": "166600000", "incomeBeforeTax": "442500000", "incomeTaxExpense": "62700000", "interestAndDebtExpense": "None", "netIncomeFromContinuingOperations": "379800000", "comprehensiveIncomeNetOfTax": "None", "ebit": "457800000", "ebitda": "624400000", "netIncome": "379900000"}, {"fiscalDateEnding": "2024-09-30", "reportedCurrency": "USD", "grossProfit": "799400000", "totalRevenue": "1761900000", "costOfRevenue": "962500000", "costofGoodsAndServicesSold": "962500000", "operatingIncome": "445400000", "sellingGeneralAndAdministrative": "95500000", "researchAndDevelopment": "151000000", "operatingExpenses": "354000000", "investmentIncomeNet": "None", "netInterestIncome": "12900000", "interestIncome": "28600000", "interestExpense": "15700000", "nonInterestIncome": "None", "otherNonOperatingIncome": "None", "depreciation": "None", "depreciationAndAmortization": "161800000", "incomeBeforeTax": "454600000", "incomeTaxExpense": "51900000", "interestAndDebtExpense": "None", "netIncomeFromContinuingOperations": "402700000", "comprehensiveIncomeNetOfTax": "None", "ebit": "470300000", "ebitda": "632100000", "netIncome": "401700000"}, {"fiscalDateEnding": "2024-06-30", "reportedCurrency": "USD", "grossProfit": "784000000", "totalRevenue": "1735200000", "costOfRevenue": "951200000", "costofGoodsAndServicesSold": "951200000", "operatingIncome": "388500000", "sellingGeneralAndAdministrative": "85000000", "researchAndDevelopment": "156500000", "operatingExpenses": "395500000", "investmentIncomeNet": "None", "netInterestIncome": "11700000", "interestIncome": "27400000", "interestExpense": "15700000", "nonInterestIncome": "None", "otherNonOperatingIncome": "None", "depreciation": "None", "depreciationAndAmortization": "159600000", "incomeBeforeTax": "402100000", "incomeTaxExpense": "63700000", "interestAndDebtExpense": "None", "netIncomeFromContinuingOperations": "338400000", "comprehensiveIncomeNetOfTax": "None", "ebit": "417800000", "ebitda": "577400000", "netIncome": "338200000"}, {"fiscalDateEnding": "2024-03-31", "reportedCurrency": "USD", "grossProfit": "853600000", "totalRevenue": "1862700000", "costOfRevenue": "1009100000", "costofGoodsAndServicesSold": "1009100000", "operatingIncome": "525200000", "sellingGeneralAndAdministrative": "95300000", "researchAndDevelopment": "150000000", "operatingExpenses": "328400000", "investmentIncomeNet": "None", "netInterestIncome": "12000000", "interestIncome": "27600000", "interestExpense": "15600000", "nonInterestIncome": "None", "otherNonOperatingIncome": "None", "depreciation": "None", "depreciationAndAmortization": "154900000", "incomeBeforeTax": "538200000", "incomeTaxExpense": "84500000", "interestAndDebtExpense": "None", "netIncomeFromContinuingOperations": "453700000", "comprehensiveIncomeNetOfTax": "None", "ebit": "553800000", "ebitda": "708700000", "netIncome": "453000000"}, {"fiscalDateEnding": "2023-12-31", "reportedCurrency": "USD", "grossProfit": "941900000", "totalRevenue": "2018100000", "costOfRevenue": "1076200000", "costofGoodsAndServicesSold": "1076200000", "operatingIncome": "612100000", "sellingGeneralAndAdministrative": "88600000", "researchAndDevelopment": "150200000", "operatingExpenses": "329800000", "investmentIncomeNet": "None", "netInterestIncome": "10500000", "interestIncome": "26300000", "interestExpense": "15800000", "nonInterestIncome": "None", "otherNonOperatingIncome": "None", "depreciation": "None", "depreciationAndAmortization": "160300000", "incomeBeforeTax": "610900000", "incomeTaxExpense": "47500000", "interestAndDebtExpense": "None", "netIncomeFromContinuingOperations": "563400000", "comprehensiveIncomeNetOfTax": "None", "ebit": "626700000", "ebitda": "787000000", "netIncome": "562700000"}, {"fiscalDateEnding": "2023-09-30", "reportedCurrency": "USD", "grossProfit": "1030700000", "totalRevenue": "2180800000", "costOfRevenue": "1150100000", "costofGoodsAndServicesSold": "1150100000", "operatingIncome": "687000000", "sellingGeneralAndAdministrative": "110700000", "researchAndDevelopment": "143400000", "operatingExpenses": "343700000", "investmentIncomeNet": "None", "netInterestIncome": "9500000", "interestIncome": "25700000", "interestExpense": "16200000", "nonInterestIncome": "None", "otherNonOperatingIncome": "None", "depreciation": "None", "depreciationAndAmortization": "155400000", "incomeBeforeTax": "697500000", "incomeTaxExpense": "114600000", "interestAndDebtExpense": "None", "netIncomeFromContinuingOperations": "582900000", "comprehensiveIncomeNetOfTax": "None", "ebit": "713700000", "ebitda": "869100000", "netIncome": "582700000"}, {"fiscalDateEnding": "2023-06-30", "reportedCurrency": "USD", "grossProfit": "993400000", "totalRevenue": "2094400000", "costOfRevenue": "1101000000", "costofGoodsAndServicesSold": "1101000000", "operatingIncome": "674700000", "sellingGeneralAndAdministrative": "87200000", "researchAndDevelopment": "145300000", "operatingExpenses": "318700000", "investmentIncomeNet": "None", "netInterestIncome": "7600000", "interestIncome": "24000000", "interestExpense": "16400000", "nonInterestIncome": "None", "otherNonOperatingIncome": "None", "depreciation": "None", "depreciationAndAmortization": "148800000", "incomeBeforeTax": "681500000", "incomeTaxExpense": "104400000", "interestAndDebtExpense": "None", "netIncomeFromContinuingOperations": "577100000", "comprehensiveIncomeNetOfTax": "None", "ebit": "697900000", "ebitda": "846700000", "netIncome": "576600000"}, {"fiscalDateEnding": "2023-03-31", "reportedCurrency": "USD", "grossProfit": "917500000", "totalRevenue": "1959700000", "costOfRevenue": "1042200000", "costofGoodsAndServicesSold": "1042200000", "operatingIncome": "564900000", "sellingGeneralAndAdministrative": "75900000", "researchAndDevelopment": "138400000", "operatingExpenses": "352600000", "investmentIncomeNet": "None", "netInterestIncome": "-9300000", "interestIncome": "17100000", "interestExpense": "26400000", "nonInterestIncome": "None", "otherNonOperatingIncome": "7400000", "depreciation": "None", "depreciationAndAmortization": "145000000", "incomeBeforeTax": "545900000", "incomeTaxExpense": "83700000", "interestAndDebtExpense": "None", "netIncomeFromContinuingOperations": "461700000", "comprehensiveIncomeNetOfTax": "None", "ebit": "572300000", "ebitda": "717300000", "netIncome": "461700000"}, {"fiscalDateEnding": "2022-12-31", "reportedCurrency": "USD", "grossProfit": "1020500000", "totalRevenue": "2103600000", "costOfRevenue": "1083100000", "costofGoodsAndServicesSold": "1083100000", "operatingIncome": "696600000", "sellingGeneralAndAdministrative": "97200000", "researchAndDevelopment": "136400000", "operatingExpenses": "323900000", "investmentIncomeNet": "None", "netInterestIncome": "-18400000", "interestIncome": "9100000", "interestExpense": "27500000", "nonInterestIncome": "None", "otherNonOperatingIncome": "None", "depreciation": "None", "depreciationAndAmortization": "133200000", "incomeBeforeTax": "763300000", "incomeTaxExpense": "159000000", "interestAndDebtExpense": "None", "netIncomeFromContinuingOperations": "604300000", "comprehensiveIncomeNetOfTax": "None", "ebit": "790800000", "ebitda": "924000000", "netIncome": "604300000"}, {"fiscalDateEnding": "2022-09-30", "reportedCurrency": "USD", "grossProfit": "1058300000", "totalRevenue": "2192600000", "costOfRevenue": "1134300000", "costofGoodsAndServicesSold": "1134300000", "operatingIncome": "736600000", "sellingGeneralAndAdministrative": "84900000", "researchAndDevelopment": "145400000", "operatingExpenses": "321700000", "investmentIncomeNet": "None", "netInterestIncome": "-18800000", "interestIncome": "4900000", "interestExpense": "23700000", "nonInterestIncome": "None", "otherNonOperatingIncome": "None", "depreciation": "None", "depreciationAndAmortization": "139600000", "incomeBeforeTax": "406800000", "incomeTaxExpense": "94900000", "interestAndDebtExpense": "None", "netIncomeFromContinuingOperations": "311900000", "comprehensiveIncomeNetOfTax": "None", "ebit": "430500000", "ebitda": "570100000", "netIncome": "311900000"}, {"fiscalDateEnding": "2022-06-30", "reportedCurrency": "USD", "grossProfit": "1037100000", "totalRevenue": "2085000000", "costOfRevenue": "1047900000", "costofGoodsAndServicesSold": "1047900000", "operatingIncome": "697300000", "sellingGeneralAndAdministrative": "83200000", "researchAndDevelopment": "161600000", "operatingExpenses": "339800000", "investmentIncomeNet": "None", "netInterestIncome": "-21000000", "interestIncome": "1100000", "interestExpense": "22100000", "nonInterestIncome": "None", "otherNonOperatingIncome": "2100000", "depreciation": "None", "depreciationAndAmortization": "138400000", "incomeBeforeTax": "564000000", "incomeTaxExpense": "107400000", "interestAndDebtExpense": "None", "netIncomeFromContinuingOperations": "456600000", "comprehensiveIncomeNetOfTax": "None", "ebit": "586100000", "ebitda": "724500000", "netIncome": "455800000"}, {"fiscalDateEnding": "2022-03-31", "reportedCurrency": "USD", "grossProfit": "961300000", "totalRevenue": "1945000000", "costOfRevenue": "983700000", "costofGoodsAndServicesSold": "983700000", "operatingIncome": "634200000", "sellingGeneralAndAdministrative": "77900000", "researchAndDevelopment": "156800000", "operatingExpenses": "327100000", "investmentIncomeNet": "None", "netInterestIncome": "-21200000", "interestIncome": "400000", "interestExpense": "21600000", "nonInterestIncome": "None", "otherNonOperatingIncome": "2500000", "depreciation": "None", "depreciationAndAmortization": "140600000", "incomeBeforeTax": "628100000", "incomeTaxExpense": "97100000", "interestAndDebtExpense": "None", "netIncomeFromContinuingOperations": "530200000", "comprehensiveIncomeNetOfTax": "None", "ebit": "649700000", "ebitda": "790300000", "netIncome": "530200000"}, {"fiscalDateEnding": "2021-12-31", "reportedCurrency": "USD", "grossProfit": "832200000", "totalRevenue": "1846100000", "costOfRevenue": "1013900000", "costofGoodsAndServicesSold": "1013900000", "operatingIncome": "493400000", "sellingGeneralAndAdministrative": "83500000", "researchAndDevelopment": "160600000", "operatingExpenses": "338800000", "investmentIncomeNet": "None", "netInterestIncome": "-31700000", "interestIncome": "300000", "interestExpense": "32000000", "nonInterestIncome": "None", "otherNonOperatingIncome": "17900000", "depreciation": "None", "depreciationAndAmortization": "140300000", "incomeBeforeTax": "466200000", "incomeTaxExpense": "39800000", "interestAndDebtExpense": "None", "netIncomeFromContinuingOperations": "426400000", "comprehensiveIncomeNetOfTax": "None", "ebit": "498200000", "ebitda": "638500000", "netIncome": "425900000"}, {"fiscalDateEnding": "2021-09-30", "reportedCurrency": "USD", "grossProfit": "720800000", "totalRevenue": "1742100000", "costOfRevenue": "1021300000", "costofGoodsAndServicesSold": "1021300000", "operatingIncome": "397500000", "sellingGeneralAndAdministrative": "75700000", "researchAndDevelopment": "154500000", "operatingExpenses": "323300000", "investmentIncomeNet": "None", "netInterestIncome": "-31400000", "interestIncome": "500000", "interestExpense": "31900000", "nonInterestIncome": "None", "otherNonOperatingIncome": "4900000", "depreciation": "None", "depreciationAndAmortization": "149900000", "incomeBeforeTax": "372200000", "incomeTaxExpense": "61800000", "interestAndDebtExpense": "None", "netIncomeFromContinuingOperations": "310400000", "comprehensiveIncomeNetOfTax": "None", "ebit": "404100000", "ebitda": "554000000", "netIncome": "309700000"}, {"fiscalDateEnding": "2021-06-30", "reportedCurrency": "USD", "grossProfit": "640100000", "totalRevenue": "1669900000", "costOfRevenue": "1029800000", "costofGoodsAndServicesSold": "1029800000", "operatingIncome": "299700000", "sellingGeneralAndAdministrative": "73200000", "researchAndDevelopment": "166300000", "operatingExpenses": "340400000", "investmentIncomeNet": "None", "netInterestIncome": "-32900000", "interestIncome": "200000", "interestExpense": "33100000", "nonInterestIncome": "None", "otherNonOperatingIncome": "-27100000", "depreciation": "None", "depreciationAndAmortization": "153100000", "incomeBeforeTax": "222000000", "incomeTaxExpense": "37900000", "interestAndDebtExpense": "None", "netIncomeFromContinuingOperations": "184100000", "comprehensiveIncomeNetOfTax": "None", "ebit": "255100000", "ebitda": "408200000", "netIncome": "184100000"}, {"fiscalDateEnding": "2021-03-31", "reportedCurrency": "USD", "grossProfit": "521200000", "totalRevenue": "1481700000", "costOfRevenue": "960500000", "costofGoodsAndServicesSold": "960500000", "operatingIncome": "171300000", "sellingGeneralAndAdministrative": "72400000", "researchAndDevelopment": "173600000", "operatingExpenses": "349900000", "investmentIncomeNet": "None", "netInterestIncome": "-33000000", "interestIncome": "400000", "interestExpense": "33400000", "nonInterestIncome": "None", "otherNonOperatingIncome": "4900000", "depreciation": "None", "depreciationAndAmortization": "153400000", "incomeBeforeTax": "97400000", "incomeTaxExpense": "7100000", "interestAndDebtExpense": "None", "netIncomeFromContinuingOperations": "89900000", "comprehensiveIncomeNetOfTax": "None", "ebit": "130800000", "ebitda": "284200000", "netIncome": "89900000"}, {"fiscalDateEnding": "2020-12-31", "reportedCurrency": "USD", "grossProfit": "497600000", "totalRevenue": "1446300000", "costOfRevenue": "948700000", "costofGoodsAndServicesSold": "948700000", "operatingIncome": "175200000", "sellingGeneralAndAdministrative": "62400000", "researchAndDevelopment": "159700000", "operatingExpenses": "322400000", "investmentIncomeNet": "None", "netInterestIncome": "-41200000", "interestIncome": "600000", "interestExpense": "41800000", "nonInterestIncome": "None", "otherNonOperatingIncome": "-5700000", "depreciation": "None", "depreciationAndAmortization": "153800000", "incomeBeforeTax": "120500000", "incomeTaxExpense": "30700000", "interestAndDebtExpense": "None", "netIncomeFromContinuingOperations": "89000000", "comprehensiveIncomeNetOfTax": "None", "ebit": "162300000", "ebitda": "316100000", "netIncome": "89000000"}, {"fiscalDateEnding": "2020-09-30", "reportedCurrency": "USD", "grossProfit": "441200000", "totalRevenue": "1317300000", "costOfRevenue": "876100000", "costofGoodsAndServicesSold": "876100000", "operatingIncome": "128000000", "sellingGeneralAndAdministrative": "62200000", "researchAndDevelopment": "156100000", "operatingExpenses": "313200000", "investmentIncomeNet": "None", "netInterestIncome": "-41300000", "interestIncome": "900000", "interestExpense": "42200000", "nonInterestIncome": "None", "otherNonOperatingIncome": "1300000", "depreciation": "None", "depreciationAndAmortization": "156200000", "incomeBeforeTax": "78100000", "incomeTaxExpense": "-83100000", "interestAndDebtExpense": "None", "netIncomeFromContinuingOperations": "160600000", "comprehensiveIncomeNetOfTax": "None", "ebit": "120300000", "ebitda": "276500000", "netIncome": "160600000"}, {"fiscalDateEnding": "2020-06-30", "reportedCurrency": "USD", "grossProfit": "374300000", "totalRevenue": "1213500000", "costOfRevenue": "839200000", "costofGoodsAndServicesSold": "839200000", "operatingIncome": "60600000", "sellingGeneralAndAdministrative": "62900000", "researchAndDevelopment": "156100000", "operatingExpenses": "313700000", "investmentIncomeNet": "None", "netInterestIncome": "-40400000", "interestIncome": "1500000", "interestExpense": "41900000", "nonInterestIncome": "None", "otherNonOperatingIncome": "-1300000", "depreciation": "None", "depreciationAndAmortization": "153900000", "incomeBeforeTax": "-100000", "incomeTaxExpense": "800000", "interestAndDebtExpense": "None", "netIncomeFromContinuingOperations": "-1400000", "comprehensiveIncomeNetOfTax": "None", "ebit": "41800000", "ebitda": "195700000", "netIncome": "-1400000"}, {"fiscalDateEnding": "2020-03-31", "reportedCurrency": "USD", "grossProfit": "402700000", "totalRevenue": "1277900000", "costOfRevenue": "875200000", "costofGoodsAndServicesSold": "875200000", "operatingIncome": "51400000", "sellingGeneralAndAdministrative": "71200000", "researchAndDevelopment": "171000000", "operatingExpenses": "351300000", "investmentIncomeNet": "None", "netInterestIncome": "-40600000", "interestIncome": "1900000", "interestExpense": "42500000", "nonInterestIncome": "None", "otherNonOperatingIncome": "2000000", "depreciation": "None", "depreciationAndAmortization": "161200000", "incomeBeforeTax": "-21900000", "incomeTaxExpense": "-8200000", "interestAndDebtExpense": "None", "netIncomeFromContinuingOperations": "-14000000", "comprehensiveIncomeNetOfTax": "None", "ebit": "20600000", "ebitda": "181800000", "netIncome": "-14000000"}, {"fiscalDateEnding": "2019-12-31", "reportedCurrency": "USD", "grossProfit": "485700000", "totalRevenue": "1401800000", "costOfRevenue": "916100000", "costofGoodsAndServicesSold": "916100000", "operatingIncome": "139500000", "sellingGeneralAndAdministrative": "69200000", "researchAndDevelopment": "169300000", "operatingExpenses": "346200000", "investmentIncomeNet": "None", "netInterestIncome": "-39800000", "interestIncome": "2400000", "interestExpense": "42200000", "nonInterestIncome": "None", "otherNonOperatingIncome": "-14000000", "depreciation": "None", "depreciationAndAmortization": "162000000", "incomeBeforeTax": "82700000", "incomeTaxExpense": "25800000", "interestAndDebtExpense": "None", "netIncomeFromContinuingOperations": "56500000", "comprehensiveIncomeNetOfTax": "None", "ebit": "124900000", "ebitda": "286900000", "netIncome": "56500000"}, {"fiscalDateEnding": "2019-09-30", "reportedCurrency": "USD", "grossProfit": "475200000", "totalRevenue": "1381800000", "costOfRevenue": "906600000", "costofGoodsAndServicesSold": "906600000", "operatingIncome": "130000000", "sellingGeneralAndAdministrative": "67800000", "researchAndDevelopment": "172800000", "operatingExpenses": "345200000", "investmentIncomeNet": "None", "netInterestIncome": "-38400000", "interestIncome": "2300000", "interestExpense": "40700000", "nonInterestIncome": "None", "otherNonOperatingIncome": "None", "depreciation": "None", "depreciationAndAmortization": "151300000", "incomeBeforeTax": "-84600000", "incomeTaxExpense": "-24600000", "interestAndDebtExpense": "None", "netIncomeFromContinuingOperations": "-60700000", "comprehensiveIncomeNetOfTax": "None", "ebit": "-43900000", "ebitda": "107400000", "netIncome": "-60700000"}, {"fiscalDateEnding": "2019-06-30", "reportedCurrency": "USD", "grossProfit": "499000000", "totalRevenue": "1347700000", "costOfRevenue": "848700000", "costofGoodsAndServicesSold": "848700000", "operatingIncome": "176800000", "sellingGeneralAndAdministrative": "74100000", "researchAndDevelopment": "147000000", "operatingExpenses": "322200000", "investmentIncomeNet": "None", "netInterestIncome": "-30700000", "interestIncome": "3000000", "interestExpense": "33700000", "nonInterestIncome": "None", "otherNonOperatingIncome": "1600000", "depreciation": "None", "depreciationAndAmortization": "144000000", "incomeBeforeTax": "126200000", "incomeTaxExpense": "23300000", "interestAndDebtExpense": "None", "netIncomeFromContinuingOperations": "101800000", "comprehensiveIncomeNetOfTax": "None", "ebit": "159900000", "ebitda": "303900000", "netIncome": "101800000"}, {"fiscalDateEnding": "2019-03-31", "reportedCurrency": "USD", "grossProfit": "513700000", "totalRevenue": "1386600000", "costOfRevenue": "872900000", "costofGoodsAndServicesSold": "872900000", "operatingIncome": "186200000", "sellingGeneralAndAdministrative": "72900000", "researchAndDevelopment": "151800000", "operatingExpenses": "327500000", "investmentIncomeNet": "None", "netInterestIncome": "-29200000", "interestIncome": "2500000", "interestExpense": "31700000", "nonInterestIncome": "None", "otherNonOperatingIncome": "4600000", "depreciation": "None", "depreciationAndAmortization": "135800000", "incomeBeforeTax": "152300000", "incomeTaxExpense": "38200000", "interestAndDebtExpense": "None", "netIncomeFromContinuingOperations": "114100000", "comprehensiveIncomeNetOfTax": "None", "ebit": "184000000", "ebitda": "319800000", "netIncome": "114100000"}, {"fiscalDateEnding": "2018-12-31", "reportedCurrency": "USD", "grossProfit": "569700000", "totalRevenue": "1503100000", "costOfRevenue": "933400000", "costofGoodsAndServicesSold": "933400000", "operatingIncome": "222500000", "sellingGeneralAndAdministrative": "74500000", "researchAndDevelopment": "162200000", "operatingExpenses": "347200000", "investmentIncomeNet": "None", "netInterestIncome": "None", "interestIncome": "None", "interestExpense": "32900000", "nonInterestIncome": "None", "otherNonOperatingIncome": "30400000", "depreciation": "None", "depreciationAndAmortization": "136200000", "incomeBeforeTax": "188700000", "incomeTaxExpense": "22700000", "interestAndDebtExpense": "None", "netIncomeFromContinuingOperations": "165600000", "comprehensiveIncomeNetOfTax": "None", "ebit": "221600000", "ebitda": "357800000", "netIncome": "165600000"}, {"fiscalDateEnding": "2018-09-30", "reportedCurrency": "USD", "grossProfit": "596600000", "totalRevenue": "1541700000", "costOfRevenue": "945100000", "costofGoodsAndServicesSold": "945100000", "operatingIncome": "246000000", "sellingGeneralAndAdministrative": "73300000", "researchAndDevelopment": "166200000", "operatingExpenses": "350600000", "investmentIncomeNet": "None", "netInterestIncome": "None", "interestIncome": "None", "interestExpense": "31200000", "nonInterestIncome": "None", "otherNonOperatingIncome": "5600000", "depreciation": "None", "depreciationAndAmortization": "127100000", "incomeBeforeTax": "216000000", "incomeTaxExpense": "48900000", "interestAndDebtExpense": "None", "netIncomeFromContinuingOperations": "166900000", "comprehensiveIncomeNetOfTax": "None", "ebit": "247200000", "ebitda": "374300000", "netIncome": "166900000"}, {"fiscalDateEnding": "2018-06-30", "reportedCurrency": "USD", "grossProfit": "555000000", "totalRevenue": "1455900000", "costOfRevenue": "900900000", "costofGoodsAndServicesSold": "900900000", "operatingIncome": "203700000", "sellingGeneralAndAdministrative": "74600000", "researchAndDevelopment": "167100000", "operatingExpenses": "351300000", "investmentIncomeNet": "None", "netInterestIncome": "None", "interestIncome": "None", "interestExpense": "32600000", "nonInterestIncome": "None", "otherNonOperatingIncome": "28800000", "depreciation": "None", "depreciationAndAmortization": "125500000", "incomeBeforeTax": "193400000", "incomeTaxExpense": "37100000", "interestAndDebtExpense": "None", "netIncomeFromContinuingOperations": "155300000", "comprehensiveIncomeNetOfTax": "None", "ebit": "226000000", "ebitda": "351500000", "netIncome": "155300000"}, {"fiscalDateEnding": "2018-03-31", "reportedCurrency": "USD", "grossProfit": "517400000", "totalRevenue": "1377600000", "costOfRevenue": "860200000", "costofGoodsAndServicesSold": "860200000", "operatingIncome": "186100000", "sellingGeneralAndAdministrative": "70900000", "researchAndDevelopment": "155200000", "operatingExpenses": "331300000", "investmentIncomeNet": "None", "netInterestIncome": "None", "interestIncome": "None", "interestExpense": "31500000", "nonInterestIncome": "None", "otherNonOperatingIncome": "-28800000", "depreciation": "None", "depreciationAndAmortization": "119900000", "incomeBeforeTax": "156900000", "incomeTaxExpense": "16400000", "interestAndDebtExpense": "None", "netIncomeFromContinuingOperations": "139600000", "comprehensiveIncomeNetOfTax": "None", "ebit": "188400000", "ebitda": "308300000", "netIncome": "139600000"}, {"fiscalDateEnding": "2017-12-31", "reportedCurrency": "USD", "grossProfit": "514200000", "totalRevenue": "1377500000", "costOfRevenue": "863300000", "costofGoodsAndServicesSold": "863300000", "operatingIncome": "176100000", "sellingGeneralAndAdministrative": "71000000", "researchAndDevelopment": "158000000", "operatingExpenses": "338100000", "investmentIncomeNet": "None", "netInterestIncome": "None", "interestIncome": "None", "interestExpense": "33200000", "nonInterestIncome": "None", "otherNonOperatingIncome": "23100000", "depreciation": "None", "depreciationAndAmortization": "123400000", "incomeBeforeTax": "121000000", "incomeTaxExpense": "-410000000", "interestAndDebtExpense": "None", "netIncomeFromContinuingOperations": "529900000", "comprehensiveIncomeNetOfTax": "None", "ebit": "154200000", "ebitda": "277600000", "netIncome": "529900000"}, {"fiscalDateEnding": "2017-09-30", "reportedCurrency": "USD", "grossProfit": "524000000", "totalRevenue": "1390900000", "costOfRevenue": "866900000", "costofGoodsAndServicesSold": "866900000", "operatingIncome": "188200000", "sellingGeneralAndAdministrative": "68900000", "researchAndDevelopment": "151000000", "operatingExpenses": "335800000", "investmentIncomeNet": "None", "netInterestIncome": "None", "interestIncome": "None", "interestExpense": "34900000", "nonInterestIncome": "None", "otherNonOperatingIncome": "-9000000", "depreciation": "None", "depreciationAndAmortization": "127700000", "incomeBeforeTax": "168300000", "incomeTaxExpense": "59400000", "interestAndDebtExpense": "None", "netIncomeFromContinuingOperations": "108700000", "comprehensiveIncomeNetOfTax": "None", "ebit": "203200000", "ebitda": "330900000", "netIncome": "108700000"}, {"fiscalDateEnding": "2017-06-30", "reportedCurrency": "USD", "grossProfit": "492000000", "totalRevenue": "1338000000", "costOfRevenue": "846000000", "costofGoodsAndServicesSold": "846000000", "operatingIncome": "161700000", "sellingGeneralAndAdministrative": "76600000", "researchAndDevelopment": "145600000", "operatingExpenses": "330300000", "investmentIncomeNet": "None", "netInterestIncome": "None", "interestIncome": "None", "interestExpense": "34700000", "nonInterestIncome": "None", "otherNonOperatingIncome": "23700000", "depreciation": "None", "depreciationAndAmortization": "116500000", "incomeBeforeTax": "143200000", "incomeTaxExpense": "48800000", "interestAndDebtExpense": "None", "netIncomeFromContinuingOperations": "93900000", "comprehensiveIncomeNetOfTax": "None", "ebit": "177900000", "ebitda": "294400000", "netIncome": "93900000"}, {"fiscalDateEnding": "2017-03-31", "reportedCurrency": "USD", "grossProfit": "503100000", "totalRevenue": "1436700000", "costOfRevenue": "933600000", "costofGoodsAndServicesSold": "933600000", "operatingIncome": "188000000", "sellingGeneralAndAdministrative": "68400000", "researchAndDevelopment": "140100000", "operatingExpenses": "315100000", "investmentIncomeNet": "None", "netInterestIncome": "None", "interestIncome": "None", "interestExpense": "38400000", "nonInterestIncome": "None", "otherNonOperatingIncome": "-30000000", "depreciation": "None", "depreciationAndAmortization": "114300000", "incomeBeforeTax": "115000000", "incomeTaxExpense": "36300000", "interestAndDebtExpense": "None", "netIncomeFromContinuingOperations": "78200000", "comprehensiveIncomeNetOfTax": "None", "ebit": "153400000", "ebitda": "267700000", "netIncome": "78200000"}, {"fiscalDateEnding": "2016-12-31", "reportedCurrency": "USD", "grossProfit": "384500000", "totalRevenue": "1261000000", "costOfRevenue": "876500000", "costofGoodsAndServicesSold": "876500000", "operatingIncome": "60200000", "sellingGeneralAndAdministrative": "72200000", "researchAndDevelopment": "139800000", "operatingExpenses": "324300000", "investmentIncomeNet": "None", "netInterestIncome": "None", "interestIncome": "None", "interestExpense": "40900000", "nonInterestIncome": "None", "otherNonOperatingIncome": "3400000", "depreciation": "None", "depreciationAndAmortization": "120000000", "incomeBeforeTax": "18200000", "incomeTaxExpense": "-93500000", "interestAndDebtExpense": "None", "netIncomeFromContinuingOperations": "110900000", "comprehensiveIncomeNetOfTax": "None", "ebit": "59100000", "ebitda": "179100000", "netIncome": "110900000"}, {"fiscalDateEnding": "2016-09-30", "reportedCurrency": "USD", "grossProfit": "329000000", "totalRevenue": "950900000", "costOfRevenue": "621900000", "costofGoodsAndServicesSold": "621900000", "operatingIncome": "68500000", "sellingGeneralAndAdministrative": "67600000", "researchAndDevelopment": "111500000", "operatingExpenses": "260500000", "investmentIncomeNet": "None", "netInterestIncome": "None", "interestIncome": "None", "interestExpense": "46700000", "nonInterestIncome": "None", "otherNonOperatingIncome": "87300000", "depreciation": "None", "depreciationAndAmortization": "83800000", "incomeBeforeTax": "87300000", "incomeTaxExpense": "76700000", "interestAndDebtExpense": "None", "netIncomeFromContinuingOperations": "10100000", "comprehensiveIncomeNetOfTax": "None", "ebit": "134000000", "ebitda": "217800000", "netIncome": "10100000"}, {"fiscalDateEnding": "2016-06-30", "reportedCurrency": "USD", "grossProfit": "307900000", "totalRevenue": "877800000", "costOfRevenue": "569900000", "costofGoodsAndServicesSold": "569900000", "operatingIncome": "82700000", "sellingGeneralAndAdministrative": "46000000", "researchAndDevelopment": "103000000", "operatingExpenses": "225200000", "investmentIncomeNet": "None", "netInterestIncome": "None", "interestIncome": "None", "interestExpense": "42100000", "nonInterestIncome": "None", "otherNonOperatingIncome": "200000", "depreciation": "None", "depreciationAndAmortization": "79600000", "incomeBeforeTax": "33400000", "incomeTaxExpense": "7600000", "interestAndDebtExpense": "None", "netIncomeFromContinuingOperations": "25100000", "comprehensiveIncomeNetOfTax": "None", "ebit": "75500000", "ebitda": "155100000", "netIncome": "25100000"}, {"fiscalDateEnding": "2016-03-31", "reportedCurrency": "USD", "grossProfit": "275500000", "totalRevenue": "817200000", "costOfRevenue": "541700000", "costofGoodsAndServicesSold": "541700000", "operatingIncome": "60100000", "sellingGeneralAndAdministrative": "44500000", "researchAndDevelopment": "98000000", "operatingExpenses": "215400000", "investmentIncomeNet": "None", "netInterestIncome": "None", "interestIncome": "None", "interestExpense": "15600000", "nonInterestIncome": "None", "otherNonOperatingIncome": "-1100000", "depreciation": "None", "depreciationAndAmortization": "80700000", "incomeBeforeTax": "41700000", "incomeTaxExpense": "5300000", "interestAndDebtExpense": "None", "netIncomeFromContinuingOperations": "36000000", "comprehensiveIncomeNetOfTax": "None", "ebit": "57300000", "ebitda": "138000000", "netIncome": "36000000"}, {"fiscalDateEnding": "2015-12-31", "reportedCurrency": "USD", "grossProfit": "279900000", "totalRevenue": "840300000", "costOfRevenue": "560400000", "costofGoodsAndServicesSold": "560400000", "operatingIncome": "60300000", "sellingGeneralAndAdministrative": "45700000", "researchAndDevelopment": "91000000", "operatingExpenses": "219600000", "investmentIncomeNet": "None", "netInterestIncome": "None", "interestIncome": "None", "interestExpense": "14900000", "nonInterestIncome": "None", "otherNonOperatingIncome": "20000000", "depreciation": "None", "depreciationAndAmortization": "89800000", "incomeBeforeTax": "40700000", "incomeTaxExpense": "-14300000", "interestAndDebtExpense": "None", "netIncomeFromContinuingOperations": "54100000", "comprehensiveIncomeNetOfTax": "None", "ebit": "55600000", "ebitda": "145400000", "netIncome": "54100000"}, {"fiscalDateEnding": "2015-09-30", "reportedCurrency": "USD", "grossProfit": "308500000", "totalRevenue": "904200000", "costOfRevenue": "595700000", "costofGoodsAndServicesSold": "595700000", "operatingIncome": "72800000", "sellingGeneralAndAdministrative": "44900000", "researchAndDevelopment": "104900000", "operatingExpenses": "235700000", "investmentIncomeNet": "None", "netInterestIncome": "None", "interestIncome": "None", "interestExpense": "14900000", "nonInterestIncome": "None", "otherNonOperatingIncome": "2300000", "depreciation": "None", "depreciationAndAmortization": "89200000", "incomeBeforeTax": "56800000", "incomeTaxExpense": "10000000", "interestAndDebtExpense": "None", "netIncomeFromContinuingOperations": "46300000", "comprehensiveIncomeNetOfTax": "None", "ebit": "71700000", "ebitda": "160900000", "netIncome": "46300000"}, {"fiscalDateEnding": "2015-06-30", "reportedCurrency": "USD", "grossProfit": "304400000", "totalRevenue": "880500000", "costOfRevenue": "576100000", "costofGoodsAndServicesSold": "576100000", "operatingIncome": "75000000", "sellingGeneralAndAdministrative": "45000000", "researchAndDevelopment": "100400000", "operatingExpenses": "229400000", "investmentIncomeNet": "None", "netInterestIncome": "None", "interestIncome": "None", "interestExpense": "10700000", "nonInterestIncome": "None", "otherNonOperatingIncome": "-8700000", "depreciation": "None", "depreciationAndAmortization": "88400000", "incomeBeforeTax": "59100000", "incomeTaxExpense": "7700000", "interestAndDebtExpense": "None", "netIncomeFromContinuingOperations": "50700000", "comprehensiveIncomeNetOfTax": "None", "ebit": "69800000", "ebitda": "158200000", "netIncome": "50700000"}, {"fiscalDateEnding": "2015-03-31", "reportedCurrency": "USD", "grossProfit": "300400000", "totalRevenue": "870800000", "costOfRevenue": "570400000", "costofGoodsAndServicesSold": "570400000", "operatingIncome": "66100000", "sellingGeneralAndAdministrative": "46700000", "researchAndDevelopment": "100400000", "operatingExpenses": "234300000", "investmentIncomeNet": "None", "netInterestIncome": "None", "interestIncome": "None", "interestExpense": "9200000", "nonInterestIncome": "None", "otherNonOperatingIncome": "-5200000", "depreciation": "None", "depreciationAndAmortization": "90200000", "incomeBeforeTax": "63200000", "incomeTaxExpense": "7400000", "interestAndDebtExpense": "None", "netIncomeFromContinuingOperations": "55100000", "comprehensiveIncomeNetOfTax": "None", "ebit": "72400000", "ebitda": "162600000", "netIncome": "55100000"}, {"fiscalDateEnding": "2014-12-31", "reportedCurrency": "USD", "grossProfit": "277000000", "totalRevenue": "864200000", "costOfRevenue": "587200000", "costofGoodsAndServicesSold": "587200000", "operatingIncome": "36400000", "sellingGeneralAndAdministrative": "46700000", "researchAndDevelopment": "110900000", "operatingExpenses": "240600000", "investmentIncomeNet": "None", "netInterestIncome": "None", "interestIncome": "None", "interestExpense": "9500000", "nonInterestIncome": "None", "otherNonOperatingIncome": "-10300000", "depreciation": "None", "depreciationAndAmortization": "84000000", "incomeBeforeTax": "6000000", "incomeTaxExpense": "3500000", "interestAndDebtExpense": "None", "netIncomeFromContinuingOperations": "1700000", "comprehensiveIncomeNetOfTax": "None", "ebit": "15500000", "ebitda": "99500000", "netIncome": "1700000"}, {"fiscalDateEnding": "2014-09-30", "reportedCurrency": "USD", "grossProfit": "280900000", "totalRevenue": "833500000", "costOfRevenue": "552600000", "costofGoodsAndServicesSold": "552600000", "operatingIncome": "66900000", "sellingGeneralAndAdministrative": "48500000", "researchAndDevelopment": "93400000", "operatingExpenses": "214000000", "investmentIncomeNet": "None", "netInterestIncome": "None", "interestIncome": "None", "interestExpense": "8600000", "nonInterestIncome": "None", "otherNonOperatingIncome": "-9300000", "depreciation": "None", "depreciationAndAmortization": "72100000", "incomeBeforeTax": "47200000", "incomeTaxExpense": "6300000", "interestAndDebtExpense": "None", "netIncomeFromContinuingOperations": "41600000", "comprehensiveIncomeNetOfTax": "None", "ebit": "55800000", "ebitda": "127900000", "netIncome": "40500000"}, {"fiscalDateEnding": "2014-06-30", "reportedCurrency": "USD", "grossProfit": "278100000", "totalRevenue": "757600000", "costOfRevenue": "479500000", "costofGoodsAndServicesSold": "479500000", "operatingIncome": "90900000", "sellingGeneralAndAdministrative": "44700000", "researchAndDevelopment": "84200000", "operatingExpenses": "187200000", "investmentIncomeNet": "None", "netInterestIncome": "None", "interestIncome": "None", "interestExpense": "7900000", "nonInterestIncome": "None", "otherNonOperatingIncome": "-8900000", "depreciation": "None", "depreciationAndAmortization": "57900000", "incomeBeforeTax": "78900000", "incomeTaxExpense": "-16200000", "interestAndDebtExpense": "None", "netIncomeFromContinuingOperations": "88000000", "comprehensiveIncomeNetOfTax": "None", "ebit": "86800000", "ebitda": "144700000", "netIncome": "94100000"}, {"fiscalDateEnding": "2014-03-31", "reportedCurrency": "USD", "grossProfit": "248200000", "totalRevenue": "706500000", "costOfRevenue": "458300000", "costofGoodsAndServicesSold": "458300000", "operatingIncome": "76500000", "sellingGeneralAndAdministrative": "41000000", "researchAndDevelopment": "78100000", "operatingExpenses": "171700000", "investmentIncomeNet": "None", "netInterestIncome": "None", "interestIncome": "None", "interestExpense": "8100000", "nonInterestIncome": "None", "otherNonOperatingIncome": "-8500000", "depreciation": "None", "depreciationAndAmortization": "52400000", "incomeBeforeTax": "62100000", "incomeTaxExpense": "6200000", "interestAndDebtExpense": "None", "netIncomeFromContinuingOperations": "58400000", "comprehensiveIncomeNetOfTax": "None", "ebit": "70200000", "ebitda": "122600000", "netIncome": "55700000"}, {"fiscalDateEnding": "2013-12-31", "reportedCurrency": "USD", "grossProfit": "252900000", "totalRevenue": "718000000", "costOfRevenue": "465100000", "costofGoodsAndServicesSold": "465100000", "operatingIncome": "84400000", "sellingGeneralAndAdministrative": "37600000", "researchAndDevelopment": "78700000", "operatingExpenses": "168500000", "investmentIncomeNet": "None", "netInterestIncome": "None", "interestIncome": "None", "interestExpense": "10000000", "nonInterestIncome": "None", "otherNonOperatingIncome": "-20300000", "depreciation": "None", "depreciationAndAmortization": "55300000", "incomeBeforeTax": "52100000", "incomeTaxExpense": "22900000", "interestAndDebtExpense": "None", "netIncomeFromContinuingOperations": "28700000", "comprehensiveIncomeNetOfTax": "None", "ebit": "62100000", "ebitda": "117400000", "netIncome": "28700000"}, {"fiscalDateEnding": "2013-09-30", "reportedCurrency": "USD", "grossProfit": "249200000", "totalRevenue": "715400000", "costOfRevenue": "466200000", "costofGoodsAndServicesSold": "466200000", "operatingIncome": "78300000", "sellingGeneralAndAdministrative": "34500000", "researchAndDevelopment": "84000000", "operatingExpenses": "170900000", "investmentIncomeNet": "None", "netInterestIncome": "None", "interestIncome": "None", "interestExpense": "9200000", "nonInterestIncome": "None", "otherNonOperatingIncome": "-10300000", "depreciation": "None", "depreciationAndAmortization": "52900000", "incomeBeforeTax": "57000000", "incomeTaxExpense": "4200000", "interestAndDebtExpense": "None", "netIncomeFromContinuingOperations": "51800000", "comprehensiveIncomeNetOfTax": "None", "ebit": "66200000", "ebitda": "119100000", "netIncome": "51800000"}, {"fiscalDateEnding": "2013-06-30", "reportedCurrency": "USD", "grossProfit": "231800000", "totalRevenue": "688300000", "costOfRevenue": "456500000", "costofGoodsAndServicesSold": "456500000", "operatingIncome": "57000000", "sellingGeneralAndAdministrative": "40200000", "researchAndDevelopment": "83100000", "operatingExpenses": "174800000", "investmentIncomeNet": "None", "netInterestIncome": "None", "interestIncome": "None", "interestExpense": "9300000", "nonInterestIncome": "None", "otherNonOperatingIncome": "-4800000", "depreciation": "None", "depreciationAndAmortization": "52300000", "incomeBeforeTax": "46100000", "incomeTaxExpense": "-2600000", "interestAndDebtExpense": "None", "netIncomeFromContinuingOperations": "47700000", "comprehensiveIncomeNetOfTax": "None", "ebit": "55400000", "ebitda": "107700000", "netIncome": "47700000"}, {"fiscalDateEnding": "2013-03-31", "reportedCurrency": "USD", "grossProfit": "204500000", "totalRevenue": "661000000", "costOfRevenue": "456500000", "costofGoodsAndServicesSold": "456500000", "operatingIncome": "31700000", "sellingGeneralAndAdministrative": "36200000", "researchAndDevelopment": "88400000", "operatingExpenses": "172800000", "investmentIncomeNet": "None", "netInterestIncome": "None", "interestIncome": "None", "interestExpense": "10100000", "nonInterestIncome": "None", "otherNonOperatingIncome": "-1900000", "depreciation": "None", "depreciationAndAmortization": "51300000", "incomeBeforeTax": "25700000", "incomeTaxExpense": "2400000", "interestAndDebtExpense": "None", "netIncomeFromContinuingOperations": "22600000", "comprehensiveIncomeNetOfTax": "None", "ebit": "35800000", "ebitda": "87100000", "netIncome": "22600000"}, {"fiscalDateEnding": "2012-12-31", "reportedCurrency": "USD", "grossProfit": "210400000", "totalRevenue": "680200000", "costOfRevenue": "469800000", "costofGoodsAndServicesSold": "469800000", "operatingIncome": "26100000", "sellingGeneralAndAdministrative": "40900000", "researchAndDevelopment": "88200000", "operatingExpenses": "184300000", "investmentIncomeNet": "None", "netInterestIncome": "None", "interestIncome": "None", "interestExpense": "12700000", "nonInterestIncome": "None", "otherNonOperatingIncome": "-53300000", "depreciation": "None", "depreciationAndAmortization": "60900000", "incomeBeforeTax": "-141300000", "incomeTaxExpense": "-4400000", "interestAndDebtExpense": "None", "netIncomeFromContinuingOperations": "-138200000", "comprehensiveIncomeNetOfTax": "None", "ebit": "-128600000", "ebitda": "-67700000", "netIncome": "-138200000"}, {"fiscalDateEnding": "2012-09-30", "reportedCurrency": "USD", "grossProfit": "238000000", "totalRevenue": "725500000", "costOfRevenue": "487500000", "costofGoodsAndServicesSold": "487500000", "operatingIncome": "55800000", "sellingGeneralAndAdministrative": "36800000", "researchAndDevelopment": "90100000", "operatingExpenses": "182200000", "investmentIncomeNet": "None", "netInterestIncome": "None", "interestIncome": "None", "interestExpense": "13600000", "nonInterestIncome": "None", "otherNonOperatingIncome": "-11100000", "depreciation": "None", "depreciationAndAmortization": "61300000", "incomeBeforeTax": "19900000", "incomeTaxExpense": "6500000", "interestAndDebtExpense": "None", "netIncomeFromContinuingOperations": "12500000", "comprehensiveIncomeNetOfTax": "None", "ebit": "33500000", "ebitda": "94800000", "netIncome": "12500000"}, {"fiscalDateEnding": "2012-06-30", "reportedCurrency": "USD", "grossProfit": "258300000", "totalRevenue": "744800000", "costOfRevenue": "486500000", "costofGoodsAndServicesSold": "486500000", "operatingIncome": "61500000", "sellingGeneralAndAdministrative": "40900000", "researchAndDevelopment": "97800000", "operatingExpenses": "196800000", "investmentIncomeNet": "None", "netInterestIncome": "None", "interestIncome": "None", "interestExpense": "14100000", "nonInterestIncome": "None", "otherNonOperatingIncome": "2600000", "depreciation": "None", "depreciationAndAmortization": "60300000", "incomeBeforeTax": "15400000", "incomeTaxExpense": "7200000", "interestAndDebtExpense": "None", "netIncomeFromContinuingOperations": "6900000", "comprehensiveIncomeNetOfTax": "None", "ebit": "29500000", "ebitda": "89800000", "netIncome": "6900000"}, {"fiscalDateEnding": "2012-03-31", "reportedCurrency": "USD", "grossProfit": "245200000", "totalRevenue": "744400000", "costOfRevenue": "499200000", "costofGoodsAndServicesSold": "499200000", "operatingIncome": "55100000", "sellingGeneralAndAdministrative": "42000000", "researchAndDevelopment": "91400000", "operatingExpenses": "190100000", "investmentIncomeNet": "None", "netInterestIncome": "None", "interestIncome": "None", "interestExpense": "15700000", "nonInterestIncome": "None", "otherNonOperatingIncome": "5200000", "depreciation": "None", "depreciationAndAmortization": "61100000", "incomeBeforeTax": "33100000", "incomeTaxExpense": "4100000", "interestAndDebtExpense": "None", "netIncomeFromContinuingOperations": "28200000", "comprehensiveIncomeNetOfTax": "None", "ebit": "48800000", "ebitda": "109900000", "netIncome": "28200000"}, {"fiscalDateEnding": "2011-12-31", "reportedCurrency": "USD", "grossProfit": "239200000", "totalRevenue": "767900000", "costOfRevenue": "528700000", "costofGoodsAndServicesSold": "528700000", "operatingIncome": "50300000", "sellingGeneralAndAdministrative": "41100000", "researchAndDevelopment": "90700000", "operatingExpenses": "188900000", "investmentIncomeNet": "None", "netInterestIncome": "None", "interestIncome": "None", "interestExpense": "16400000", "nonInterestIncome": "None", "otherNonOperatingIncome": "-65900000", "depreciation": "None", "depreciationAndAmortization": "62600000", "incomeBeforeTax": "-39500000", "incomeTaxExpense": "1600000", "interestAndDebtExpense": "None", "netIncomeFromContinuingOperations": "-53000000", "comprehensiveIncomeNetOfTax": "None", "ebit": "-23100000", "ebitda": "39500000", "netIncome": "-42500000"}, {"fiscalDateEnding": "2011-09-30", "reportedCurrency": "USD", "grossProfit": "261100000", "totalRevenue": "898000000", "costOfRevenue": "636900000", "costofGoodsAndServicesSold": "636900000", "operatingIncome": "58700000", "sellingGeneralAndAdministrative": "51900000", "researchAndDevelopment": "91500000", "operatingExpenses": "202400000", "investmentIncomeNet": "None", "netInterestIncome": "None", "interestIncome": "None", "interestExpense": "16900000", "nonInterestIncome": "None", "otherNonOperatingIncome": "-8100000", "depreciation": "None", "depreciationAndAmortization": "56900000", "incomeBeforeTax": "-31700000", "incomeTaxExpense": "17300000", "interestAndDebtExpense": "None", "netIncomeFromContinuingOperations": "-49400000", "comprehensiveIncomeNetOfTax": "None", "ebit": "-14800000", "ebitda": "42100000", "netIncome": "-49400000"}, {"fiscalDateEnding": "2011-06-30", "reportedCurrency": "USD", "grossProfit": "266100000", "totalRevenue": "905800000", "costOfRevenue": "639700000", "costofGoodsAndServicesSold": "639700000", "operatingIncome": "62000000", "sellingGeneralAndAdministrative": "52300000", "researchAndDevelopment": "89200000", "operatingExpenses": "204100000", "investmentIncomeNet": "None", "netInterestIncome": "None", "interestIncome": "None", "interestExpense": "17800000", "nonInterestIncome": "None", "otherNonOperatingIncome": "5900000", "depreciation": "None", "depreciationAndAmortization": "57100000", "incomeBeforeTax": "38300000", "incomeTaxExpense": "3200000", "interestAndDebtExpense": "None", "netIncomeFromContinuingOperations": "41800000", "comprehensiveIncomeNetOfTax": "None", "ebit": "56100000", "ebitda": "113200000", "netIncome": "34300000"}, {"fiscalDateEnding": "2011-03-31", "reportedCurrency": "USD", "grossProfit": "242400000", "totalRevenue": "870600000", "costOfRevenue": "628200000", "costofGoodsAndServicesSold": "628200000", "operatingIncome": "45100000", "sellingGeneralAndAdministrative": "47100000", "researchAndDevelopment": "91100000", "operatingExpenses": "197300000", "investmentIncomeNet": "None", "netInterestIncome": "None", "interestIncome": "None", "interestExpense": "17800000", "nonInterestIncome": "None", "otherNonOperatingIncome": "61400000", "depreciation": "None", "depreciationAndAmortization": "52800000", "incomeBeforeTax": "37000000", "incomeTaxExpense": "800000", "interestAndDebtExpense": "None", "netIncomeFromContinuingOperations": "75500000", "comprehensiveIncomeNetOfTax": "None", "ebit": "54800000", "ebitda": "107600000", "netIncome": "35500000"}, {"fiscalDateEnding": "2010-12-31", "reportedCurrency": "USD", "grossProfit": "237600000", "totalRevenue": "579200000", "costOfRevenue": "341600000", "costofGoodsAndServicesSold": "341600000", "operatingIncome": "100400000", "sellingGeneralAndAdministrative": "31900000", "researchAndDevelopment": "59400000", "operatingExpenses": "137200000", "investmentIncomeNet": "None", "netInterestIncome": "None", "interestIncome": "None", "interestExpense": "16400000", "nonInterestIncome": "None", "otherNonOperatingIncome": "None", "depreciation": "None", "depreciationAndAmortization": "44500000", "incomeBeforeTax": "64600000", "incomeTaxExpense": "3400000", "interestAndDebtExpense": "None", "netIncomeFromContinuingOperations": "0", "comprehensiveIncomeNetOfTax": "None", "ebit": "81000000", "ebitda": "125500000", "netIncome": "61000000"}, {"fiscalDateEnding": "2010-09-30", "reportedCurrency": "USD", "grossProfit": "246500000", "totalRevenue": "600700000", "costOfRevenue": "354200000", "costofGoodsAndServicesSold": "354200000", "operatingIncome": "108600000", "sellingGeneralAndAdministrative": "31200000", "researchAndDevelopment": "63300000", "operatingExpenses": "137900000", "investmentIncomeNet": "None", "netInterestIncome": "None", "interestIncome": "None", "interestExpense": "14100000", "nonInterestIncome": "None", "otherNonOperatingIncome": "-600000", "depreciation": "None", "depreciationAndAmortization": "42400000", "incomeBeforeTax": "93000000", "incomeTaxExpense": "4600000", "interestAndDebtExpense": "None", "netIncomeFromContinuingOperations": "87800000", "comprehensiveIncomeNetOfTax": "None", "ebit": "107100000", "ebitda": "149500000", "netIncome": "87800000"}, {"fiscalDateEnding": "2010-06-30", "reportedCurrency": "USD", "grossProfit": "243800000", "totalRevenue": "583300000", "costOfRevenue": "339500000", "costofGoodsAndServicesSold": "339500000", "operatingIncome": "103800000", "sellingGeneralAndAdministrative": "35300000", "researchAndDevelopment": "60100000", "operatingExpenses": "140000000", "investmentIncomeNet": "None", "netInterestIncome": "None", "interestIncome": "None", "interestExpense": "14500000", "nonInterestIncome": "None", "otherNonOperatingIncome": "-4000000", "depreciation": "None", "depreciationAndAmortization": "40300000", "incomeBeforeTax": "83000000", "incomeTaxExpense": "3400000", "interestAndDebtExpense": "None", "netIncomeFromContinuingOperations": "78700000", "comprehensiveIncomeNetOfTax": "None", "ebit": "97500000", "ebitda": "137800000", "netIncome": "78700000"}, {"fiscalDateEnding": "2010-03-31", "reportedCurrency": "USD", "grossProfit": "228100000", "totalRevenue": "550200000", "costOfRevenue": "322100000", "costofGoodsAndServicesSold": "322100000", "operatingIncome": "88000000", "sellingGeneralAndAdministrative": "31500000", "researchAndDevelopment": "65200000", "operatingExpenses": "140100000", "investmentIncomeNet": "None", "netInterestIncome": "None", "interestIncome": "None", "interestExpense": "16400000", "nonInterestIncome": "None", "otherNonOperatingIncome": "None", "depreciation": "None", "depreciationAndAmortization": "39700000", "incomeBeforeTax": "65100000", "incomeTaxExpense": "1400000", "interestAndDebtExpense": "None", "netIncomeFromContinuingOperations": "0", "comprehensiveIncomeNetOfTax": "None", "ebit": "81500000", "ebitda": "121200000", "netIncome": "63000000"}, {"fiscalDateEnding": "2009-12-31", "reportedCurrency": "USD", "grossProfit": "229700000", "totalRevenue": "497100000", "costOfRevenue": "302500000", "costofGoodsAndServicesSold": "302500000", "operatingIncome": "83100000", "sellingGeneralAndAdministrative": "20100000", "researchAndDevelopment": "50700000", "operatingExpenses": "111500000", "investmentIncomeNet": "None", "netInterestIncome": "None", "interestIncome": "None", "interestExpense": "15400000", "nonInterestIncome": "None", "otherNonOperatingIncome": "None", "depreciation": "None", "depreciationAndAmortization": "38000000", "incomeBeforeTax": "68000000", "incomeTaxExpense": "-400000", "interestAndDebtExpense": "None", "netIncomeFromContinuingOperations": "0", "comprehensiveIncomeNetOfTax": "None", "ebit": "83400000", "ebitda": "121400000", "netIncome": "68000000"}, {"fiscalDateEnding": "2009-09-30", "reportedCurrency": "USD", "grossProfit": "175800000", "totalRevenue": "472900000", "costOfRevenue": "297100000", "costofGoodsAndServicesSold": "297100000", "operatingIncome": "57600000", "sellingGeneralAndAdministrative": "27100000", "researchAndDevelopment": "53800000", "operatingExpenses": "118200000", "investmentIncomeNet": "None", "netInterestIncome": "None", "interestIncome": "None", "interestExpense": "15800000", "nonInterestIncome": "None", "otherNonOperatingIncome": "None", "depreciation": "None", "depreciationAndAmortization": "38900000", "incomeBeforeTax": "32500000", "incomeTaxExpense": "1900000", "interestAndDebtExpense": "None", "netIncomeFromContinuingOperations": "0", "comprehensiveIncomeNetOfTax": "None", "ebit": "48300000", "ebitda": "87200000", "netIncome": "29900000"}, {"fiscalDateEnding": "2009-06-30", "reportedCurrency": "USD", "grossProfit": "138200000", "totalRevenue": "419800000", "costOfRevenue": "281600000", "costofGoodsAndServicesSold": "281600000", "operatingIncome": "21800000", "sellingGeneralAndAdministrative": "30000000", "researchAndDevelopment": "50700000", "operatingExpenses": "116400000", "investmentIncomeNet": "None", "netInterestIncome": "None", "interestIncome": "None", "interestExpense": "15700000", "nonInterestIncome": "None", "otherNonOperatingIncome": "None", "depreciation": "None", "depreciationAndAmortization": "39000000", "incomeBeforeTax": "-3200000", "incomeTaxExpense": "-1000000", "interestAndDebtExpense": "None", "netIncomeFromContinuingOperations": "0", "comprehensiveIncomeNetOfTax": "None", "ebit": "12500000", "ebitda": "51500000", "netIncome": "-3000000"}, {"fiscalDateEnding": "2009-03-31", "reportedCurrency": "USD", "grossProfit": "112100000", "totalRevenue": "379100000", "costOfRevenue": "267000000", "costofGoodsAndServicesSold": "267000000", "operatingIncome": "5000000", "sellingGeneralAndAdministrative": "27300000", "researchAndDevelopment": "43600000", "operatingExpenses": "107100000", "investmentIncomeNet": "None", "netInterestIncome": "None", "interestIncome": "None", "interestExpense": "17700000", "nonInterestIncome": "None", "otherNonOperatingIncome": "None", "depreciation": "None", "depreciationAndAmortization": "39700000", "incomeBeforeTax": "-26300000", "incomeTaxExpense": "7200000", "interestAndDebtExpense": "None", "netIncomeFromContinuingOperations": "0", "comprehensiveIncomeNetOfTax": "None", "ebit": "-8600000", "ebitda": "31100000", "netIncome": "-33900000"}, {"fiscalDateEnding": "2008-12-31", "reportedCurrency": "USD", "grossProfit": "185700000", "totalRevenue": "488700000", "costOfRevenue": "303000000", "costofGoodsAndServicesSold": "303000000", "operatingIncome": "53900000", "sellingGeneralAndAdministrative": "122400000", "researchAndDevelopment": "58900000", "operatingExpenses": "131800000", "investmentIncomeNet": "None", "netInterestIncome": "None", "interestIncome": "None", "interestExpense": "38300000", "nonInterestIncome": "None", "otherNonOperatingIncome": "None", "depreciation": "None", "depreciationAndAmortization": "38500000", "incomeBeforeTax": "-503700000", "incomeTaxExpense": "2100000", "interestAndDebtExpense": "None", "netIncomeFromContinuingOperations": "0", "comprehensiveIncomeNetOfTax": "None", "ebit": "-528900000", "ebitda": "-490400000", "netIncome": "-506700000"}, {"fiscalDateEnding": "2008-09-30", "reportedCurrency": "USD", "grossProfit": "221600000", "totalRevenue": "581500000", "costOfRevenue": "359900000", "costofGoodsAndServicesSold": "359900000", "operatingIncome": "76100000", "sellingGeneralAndAdministrative": "34200000", "researchAndDevelopment": "67200000", "operatingExpenses": "145500000", "investmentIncomeNet": "None", "netInterestIncome": "None", "interestIncome": "None", "interestExpense": "9700000", "nonInterestIncome": "None", "otherNonOperatingIncome": "None", "depreciation": "None", "depreciationAndAmortization": "38000000", "incomeBeforeTax": "66100000", "incomeTaxExpense": "4500000", "interestAndDebtExpense": "None", "netIncomeFromContinuingOperations": "0", "comprehensiveIncomeNetOfTax": "None", "ebit": "76100000", "ebitda": "114100000", "netIncome": "61200000"}, {"fiscalDateEnding": "2008-06-30", "reportedCurrency": "USD", "grossProfit": "191600000", "totalRevenue": "562700000", "costOfRevenue": "371100000", "costofGoodsAndServicesSold": "371100000", "operatingIncome": "47600000", "sellingGeneralAndAdministrative": "31900000", "researchAndDevelopment": "67500000", "operatingExpenses": "144000000", "investmentIncomeNet": "None", "netInterestIncome": "None", "interestIncome": "None", "interestExpense": "20000000", "nonInterestIncome": "None", "otherNonOperatingIncome": "None", "depreciation": "None", "depreciationAndAmortization": "37700000", "incomeBeforeTax": "16400000", "incomeTaxExpense": "-17100000", "interestAndDebtExpense": "None", "netIncomeFromContinuingOperations": "0", "comprehensiveIncomeNetOfTax": "None", "ebit": "36400000", "ebitda": "74100000", "netIncome": "34200000"}, {"fiscalDateEnding": "2008-03-31", "reportedCurrency": "USD", "grossProfit": "146600000", "totalRevenue": "421900000", "costOfRevenue": "275300000", "costofGoodsAndServicesSold": "275300000", "operatingIncome": "54300000", "sellingGeneralAndAdministrative": "23800000", "researchAndDevelopment": "40300000", "operatingExpenses": "92300000", "investmentIncomeNet": "None", "netInterestIncome": "None", "interestIncome": "None", "interestExpense": "19100000", "nonInterestIncome": "None", "otherNonOperatingIncome": "None", "depreciation": "None", "depreciationAndAmortization": "27900000", "incomeBeforeTax": "11800000", "incomeTaxExpense": "1100000", "interestAndDebtExpense": "None", "netIncomeFromContinuingOperations": "0", "comprehensiveIncomeNetOfTax": "None", "ebit": "30900000", "ebitda": "58800000", "netIncome": "11000000"}, {"fiscalDateEnding": "2007-12-31", "reportedCurrency": "USD", "grossProfit": "152300000", "totalRevenue": "407900000", "costOfRevenue": "255600000", "costofGoodsAndServicesSold": "255600000", "operatingIncome": "70800000", "sellingGeneralAndAdministrative": "86700000", "researchAndDevelopment": "35400000", "operatingExpenses": "81500000", "investmentIncomeNet": "None", "netInterestIncome": "None", "interestIncome": "None", "interestExpense": "51800000", "nonInterestIncome": "None", "otherNonOperatingIncome": "None", "depreciation": "None", "depreciationAndAmortization": "26200000", "incomeBeforeTax": "64200000", "incomeTaxExpense": "3300000", "interestAndDebtExpense": "None", "netIncomeFromContinuingOperations": "0", "comprehensiveIncomeNetOfTax": "None", "ebit": "70800000", "ebitda": "97000000", "netIncome": "61100000"}, {"fiscalDateEnding": "2007-09-30", "reportedCurrency": "USD", "grossProfit": "155600000", "totalRevenue": "402900000", "costOfRevenue": "247300000", "costofGoodsAndServicesSold": "247300000", "operatingIncome": "75200000", "sellingGeneralAndAdministrative": "21600000", "researchAndDevelopment": "34400000", "operatingExpenses": "80400000", "investmentIncomeNet": "None", "netInterestIncome": "None", "interestIncome": "None", "interestExpense": "9600000", "nonInterestIncome": "None", "otherNonOperatingIncome": "None", "depreciation": "None", "depreciationAndAmortization": "23800000", "incomeBeforeTax": "66900000", "incomeTaxExpense": "2400000", "interestAndDebtExpense": "None", "netIncomeFromContinuingOperations": "0", "comprehensiveIncomeNetOfTax": "None", "ebit": "75200000", "ebitda": "99000000", "netIncome": "63800000"}, {"fiscalDateEnding": "2007-06-30", "reportedCurrency": "USD", "grossProfit": "146000000", "totalRevenue": "381200000", "costOfRevenue": "235200000", "costofGoodsAndServicesSold": "235200000", "operatingIncome": "71500000", "sellingGeneralAndAdministrative": "18800000", "researchAndDevelopment": "32400000", "operatingExpenses": "74500000", "investmentIncomeNet": "None", "netInterestIncome": "None", "interestIncome": "None", "interestExpense": "9400000", "nonInterestIncome": "None", "otherNonOperatingIncome": "None", "depreciation": "None", "depreciationAndAmortization": "23700000", "incomeBeforeTax": "65000000", "incomeTaxExpense": "1400000", "interestAndDebtExpense": "None", "netIncomeFromContinuingOperations": "0", "comprehensiveIncomeNetOfTax": "None", "ebit": "71500000", "ebitda": "95200000", "netIncome": "63300000"}, {"fiscalDateEnding": "2007-03-31", "reportedCurrency": "USD", "grossProfit": "136600000", "totalRevenue": "374200000", "costOfRevenue": "237600000", "costofGoodsAndServicesSold": "237600000", "operatingIncome": "62700000", "sellingGeneralAndAdministrative": "20200000", "researchAndDevelopment": "30800000", "operatingExpenses": "73900000", "investmentIncomeNet": "None", "netInterestIncome": "None", "interestIncome": "None", "interestExpense": "9700000", "nonInterestIncome": "None", "otherNonOperatingIncome": "None", "depreciation": "None", "depreciationAndAmortization": "23200000", "incomeBeforeTax": "55200000", "incomeTaxExpense": "600000", "interestAndDebtExpense": "None", "netIncomeFromContinuingOperations": "0", "comprehensiveIncomeNetOfTax": "None", "ebit": "62700000", "ebitda": "85900000", "netIncome": "54000000"}, {"fiscalDateEnding": "2006-12-31", "reportedCurrency": "USD", "grossProfit": "157700000", "totalRevenue": "401600000", "costOfRevenue": "243900000", "costofGoodsAndServicesSold": "243900000", "operatingIncome": "85000000", "sellingGeneralAndAdministrative": "86700000", "researchAndDevelopment": "26500000", "operatingExpenses": "72700000", "investmentIncomeNet": "None", "netInterestIncome": "None", "interestIncome": "None", "interestExpense": "51300000", "nonInterestIncome": "None", "otherNonOperatingIncome": "None", "depreciation": "None", "depreciationAndAmortization": "22200000", "incomeBeforeTax": "85800000", "incomeTaxExpense": "-2900000", "interestAndDebtExpense": "None", "netIncomeFromContinuingOperations": "0", "comprehensiveIncomeNetOfTax": "None", "ebit": "85000000", "ebitda": "107200000", "netIncome": "87400000"}, {"fiscalDateEnding": "2006-09-30", "reportedCurrency": "USD", "grossProfit": "160400000", "totalRevenue": "420900000", "costOfRevenue": "260500000", "costofGoodsAndServicesSold": "260500000", "operatingIncome": "88200000", "sellingGeneralAndAdministrative": "23100000", "researchAndDevelopment": "25900000", "operatingExpenses": "72200000", "investmentIncomeNet": "None", "netInterestIncome": "None", "interestIncome": "None", "interestExpense": "500000", "nonInterestIncome": "None", "otherNonOperatingIncome": "None", "depreciation": "None", "depreciationAndAmortization": "20000000", "incomeBeforeTax": "77300000", "incomeTaxExpense": "500000", "interestAndDebtExpense": "None", "netIncomeFromContinuingOperations": "0", "comprehensiveIncomeNetOfTax": "None", "ebit": "88200000", "ebitda": "108200000", "netIncome": "76800000"}, {"fiscalDateEnding": "2006-06-30", "reportedCurrency": "USD", "grossProfit": "153200000", "totalRevenue": "375300000", "costOfRevenue": "222100000", "costofGoodsAndServicesSold": "222100000", "operatingIncome": "84000000", "sellingGeneralAndAdministrative": "21300000", "researchAndDevelopment": "25200000", "operatingExpenses": "69200000", "investmentIncomeNet": "None", "netInterestIncome": "None", "interestIncome": "None", "interestExpense": "13100000", "nonInterestIncome": "None", "otherNonOperatingIncome": "None", "depreciation": "None", "depreciationAndAmortization": "17900000", "incomeBeforeTax": "70200000", "incomeTaxExpense": "1800000", "interestAndDebtExpense": "None", "netIncomeFromContinuingOperations": "0", "comprehensiveIncomeNetOfTax": "None", "ebit": "84000000", "ebitda": "101900000", "netIncome": "67500000"}, {"fiscalDateEnding": "2006-03-31", "reportedCurrency": "USD", "grossProfit": "117700000", "totalRevenue": "334000000", "costOfRevenue": "216300000", "costofGoodsAndServicesSold": "216300000", "operatingIncome": "52900000", "sellingGeneralAndAdministrative": "20200000", "researchAndDevelopment": "23600000", "operatingExpenses": "64800000", "investmentIncomeNet": "None", "netInterestIncome": "None", "interestIncome": "None", "interestExpense": "13000000", "nonInterestIncome": "None", "otherNonOperatingIncome": "None", "depreciation": "None", "depreciationAndAmortization": "24100000", "incomeBeforeTax": "42900000", "incomeTaxExpense": "2000000", "interestAndDebtExpense": "None", "netIncomeFromContinuingOperations": "0", "comprehensiveIncomeNetOfTax": "None", "ebit": "52900000", "ebitda": "77000000", "netIncome": "40400000"}, {"fiscalDateEnding": "2005-12-31", "reportedCurrency": "USD", "grossProfit": "119700000", "totalRevenue": "341800000", "costOfRevenue": "222100000", "costofGoodsAndServicesSold": "222100000", "operatingIncome": "56000000", "sellingGeneralAndAdministrative": "74600000", "researchAndDevelopment": "23700000", "operatingExpenses": "63700000", "investmentIncomeNet": "None", "netInterestIncome": "None", "interestIncome": "None", "interestExpense": "61500000", "nonInterestIncome": "None", "otherNonOperatingIncome": "None", "depreciation": "None", "depreciationAndAmortization": "24500000", "incomeBeforeTax": "42500000", "incomeTaxExpense": "-4800000", "interestAndDebtExpense": "None", "netIncomeFromContinuingOperations": "0", "comprehensiveIncomeNetOfTax": "None", "ebit": "56000000", "ebitda": "80500000", "netIncome": "43800000"}]}