{"symbol": "URI", "annualReports": [{"fiscalDateEnding": "2025-12-31", "reportedCurrency": "USD", "grossProfit": "5706000000", "totalRevenue": "16099000000", "costOfRevenue": "10393000000", "costofGoodsAndServicesSold": "10393000000", "operatingIncome": "3974000000", "sellingGeneralAndAdministrative": "1732000000", "researchAndDevelopment": "None", "operatingExpenses": "1732000000", "investmentIncomeNet": "None", "netInterestIncome": "-716000000", "interestIncome": "716000000", "interestExpense": "716000000", "nonInterestIncome": "None", "otherNonOperatingIncome": "None", "depreciation": "None", "depreciationAndAmortization": "3108000000", "incomeBeforeTax": "3338000000", "incomeTaxExpense": "844000000", "interestAndDebtExpense": "None", "netIncomeFromContinuingOperations": "2494000000", "comprehensiveIncomeNetOfTax": "None", "ebit": "4054000000", "ebitda": "7162000000", "netIncome": "2494000000"}, {"fiscalDateEnding": "2024-12-31", "reportedCurrency": "USD", "grossProfit": "5713000000", "totalRevenue": "15345000000", "costOfRevenue": "9632000000", "costofGoodsAndServicesSold": "9632000000", "operatingIncome": "4068000000", "sellingGeneralAndAdministrative": "1645000000", "researchAndDevelopment": "None", "operatingExpenses": "1645000000", "investmentIncomeNet": "None", "netInterestIncome": "-691000000", "interestIncome": "691000000", "interestExpense": "691000000", "nonInterestIncome": "None", "otherNonOperatingIncome": "None", "depreciation": "None", "depreciationAndAmortization": "2903000000", "incomeBeforeTax": "3388000000", "incomeTaxExpense": "813000000", "interestAndDebtExpense": "None", "netIncomeFromContinuingOperations": "2575000000", "comprehensiveIncomeNetOfTax": "None", "ebit": "4079000000", "ebitda": "6982000000", "netIncome": "2575000000"}, {"fiscalDateEnding": "2023-12-31", "reportedCurrency": "USD", "grossProfit": "5382000000", "totalRevenue": "14332000000", "costOfRevenue": "8950000000", "costofGoodsAndServicesSold": "8950000000", "operatingIncome": "3855000000", "sellingGeneralAndAdministrative": "1512000000", "researchAndDevelopment": "None", "operatingExpenses": "1527000000", "investmentIncomeNet": "None", "netInterestIncome": "-606000000", "interestIncome": "635000000", "interestExpense": "635000000", "nonInterestIncome": "None", "otherNonOperatingIncome": "None", "depreciation": "None", "depreciationAndAmortization": "2781000000", "incomeBeforeTax": "3211000000", "incomeTaxExpense": "787000000", "interestAndDebtExpense": "None", "netIncomeFromContinuingOperations": "2384000000", "comprehensiveIncomeNetOfTax": "None", "ebit": "3846000000", "ebitda": "6627000000", "netIncome": "2424000000"}, {"fiscalDateEnding": "2022-12-31", "reportedCurrency": "USD", "grossProfit": "4632000000", "totalRevenue": "11642000000", "costOfRevenue": "7010000000", "costofGoodsAndServicesSold": "7010000000", "operatingIncome": "3232000000", "sellingGeneralAndAdministrative": "1400000000", "researchAndDevelopment": "None", "operatingExpenses": "1400000000", "investmentIncomeNet": "None", "netInterestIncome": "-445000000", "interestIncome": "445000000", "interestExpense": "445000000", "nonInterestIncome": "None", "otherNonOperatingIncome": "15000000", "depreciation": "None", "depreciationAndAmortization": "2217000000", "incomeBeforeTax": "2802000000", "incomeTaxExpense": "697000000", "interestAndDebtExpense": "None", "netIncomeFromContinuingOperations": "2105000000", "comprehensiveIncomeNetOfTax": "None", "ebit": "3247000000", "ebitda": "5464000000", "netIncome": "2105000000"}, {"fiscalDateEnding": "2021-12-31", "reportedCurrency": "USD", "grossProfit": "3495000000", "totalRevenue": "9716000000", "costOfRevenue": "6221000000", "costofGoodsAndServicesSold": "6221000000", "operatingIncome": "2296000000", "sellingGeneralAndAdministrative": "1199000000", "researchAndDevelopment": "None", "operatingExpenses": "1199000000", "investmentIncomeNet": "None", "netInterestIncome": "-424000000", "interestIncome": "424000000", "interestExpense": "424000000", "nonInterestIncome": "None", "otherNonOperatingIncome": "-7000000", "depreciation": "None", "depreciationAndAmortization": "1969000000", "incomeBeforeTax": "1846000000", "incomeTaxExpense": "460000000", "interestAndDebtExpense": "None", "netIncomeFromContinuingOperations": "1386000000", "comprehensiveIncomeNetOfTax": "None", "ebit": "2270000000", "ebitda": "4239000000", "netIncome": "1386000000"}, {"fiscalDateEnding": "2020-12-31", "reportedCurrency": "USD", "grossProfit": "2832000000", "totalRevenue": "8530000000", "costOfRevenue": "5698000000", "costofGoodsAndServicesSold": "5698000000", "operatingIncome": "1853000000", "sellingGeneralAndAdministrative": "979000000", "researchAndDevelopment": "None", "operatingExpenses": "979000000", "investmentIncomeNet": "None", "netInterestIncome": "-669000000", "interestIncome": "669000000", "interestExpense": "669000000", "nonInterestIncome": "None", "otherNonOperatingIncome": "8000000", "depreciation": "None", "depreciationAndAmortization": "1952000000", "incomeBeforeTax": "1139000000", "incomeTaxExpense": "249000000", "interestAndDebtExpense": "None", "netIncomeFromContinuingOperations": "890000000", "comprehensiveIncomeNetOfTax": "None", "ebit": "1808000000", "ebitda": "3760000000", "netIncome": "890000000"}, {"fiscalDateEnding": "2019-12-31", "reportedCurrency": "USD", "grossProfit": "3263000000", "totalRevenue": "9351000000", "costOfRevenue": "6088000000", "costofGoodsAndServicesSold": "6088000000", "operatingIncome": "2171000000", "sellingGeneralAndAdministrative": "1092000000", "researchAndDevelopment": "None", "operatingExpenses": "1092000000", "investmentIncomeNet": "None", "netInterestIncome": "-648000000", "interestIncome": "648000000", "interestExpense": "648000000", "nonInterestIncome": "None", "otherNonOperatingIncome": "10000000", "depreciation": "None", "depreciationAndAmortization": "2038000000", "incomeBeforeTax": "1514000000", "incomeTaxExpense": "340000000", "interestAndDebtExpense": "None", "netIncomeFromContinuingOperations": "1174000000", "comprehensiveIncomeNetOfTax": "None", "ebit": "2162000000", "ebitda": "4200000000", "netIncome": "1174000000"}, {"fiscalDateEnding": "2018-12-31", "reportedCurrency": "USD", "grossProfit": "3056000000", "totalRevenue": "8047000000", "costOfRevenue": "4991000000", "costofGoodsAndServicesSold": "4991000000", "operatingIncome": "2018000000", "sellingGeneralAndAdministrative": "1038000000", "researchAndDevelopment": "None", "operatingExpenses": "1038000000", "investmentIncomeNet": "None", "netInterestIncome": "-481000000", "interestIncome": "481000000", "interestExpense": "481000000", "nonInterestIncome": "None", "otherNonOperatingIncome": "6000000", "depreciation": "None", "depreciationAndAmortization": "1671000000", "incomeBeforeTax": "1476000000", "incomeTaxExpense": "380000000", "interestAndDebtExpense": "None", "netIncomeFromContinuingOperations": "1856000000", "comprehensiveIncomeNetOfTax": "None", "ebit": "1957000000", "ebitda": "3628000000", "netIncome": "1096000000"}, {"fiscalDateEnding": "2017-12-31", "reportedCurrency": "USD", "grossProfit": "2528000000", "totalRevenue": "6641000000", "costOfRevenue": "4113000000", "costofGoodsAndServicesSold": "4113000000", "operatingIncome": "1625000000", "sellingGeneralAndAdministrative": "903000000", "researchAndDevelopment": "0", "operatingExpenses": "903000000", "investmentIncomeNet": "None", "netInterestIncome": "-464000000", "interestIncome": "464000000", "interestExpense": "464000000", "nonInterestIncome": "None", "otherNonOperatingIncome": "5000000", "depreciation": "None", "depreciationAndAmortization": "1383000000", "incomeBeforeTax": "1048000000", "incomeTaxExpense": "-298000000", "interestAndDebtExpense": "None", "netIncomeFromContinuingOperations": "750000000", "comprehensiveIncomeNetOfTax": "None", "ebit": "1460000000", "ebitda": "2843000000", "netIncome": "1346000000"}, {"fiscalDateEnding": "2016-12-31", "reportedCurrency": "USD", "grossProfit": "2177000000", "totalRevenue": "5762000000", "costOfRevenue": "3585000000", "costofGoodsAndServicesSold": "3585000000", "operatingIncome": "1458000000", "sellingGeneralAndAdministrative": "719000000", "researchAndDevelopment": "0", "operatingExpenses": "719000000", "investmentIncomeNet": "None", "netInterestIncome": "-511000000", "interestIncome": "511000000", "interestExpense": "511000000", "nonInterestIncome": "None", "otherNonOperatingIncome": "5000000", "depreciation": "None", "depreciationAndAmortization": "1245000000", "incomeBeforeTax": "909000000", "incomeTaxExpense": "343000000", "interestAndDebtExpense": "None", "netIncomeFromContinuingOperations": "1252000000", "comprehensiveIncomeNetOfTax": "None", "ebit": "1321000000", "ebitda": "2566000000", "netIncome": "566000000"}, {"fiscalDateEnding": "2015-12-31", "reportedCurrency": "USD", "grossProfit": "2248000000", "totalRevenue": "5817000000", "costOfRevenue": "3569000000", "costofGoodsAndServicesSold": "3569000000", "operatingIncome": "1534000000", "sellingGeneralAndAdministrative": "714000000", "researchAndDevelopment": "0", "operatingExpenses": "714000000", "investmentIncomeNet": "None", "netInterestIncome": "None", "interestIncome": "567000000", "interestExpense": "567000000", "nonInterestIncome": "None", "otherNonOperatingIncome": "12000000", "depreciation": "None", "depreciationAndAmortization": "1244000000", "incomeBeforeTax": "963000000", "incomeTaxExpense": "378000000", "interestAndDebtExpense": "None", "netIncomeFromContinuingOperations": "1341000000", "comprehensiveIncomeNetOfTax": "None", "ebit": "1409000000", "ebitda": "2653000000", "netIncome": "585000000"}, {"fiscalDateEnding": "2014-12-31", "reportedCurrency": "USD", "grossProfit": "2200000000", "totalRevenue": "5685000000", "costOfRevenue": "3485000000", "costofGoodsAndServicesSold": "3485000000", "operatingIncome": "1442000000", "sellingGeneralAndAdministrative": "758000000", "researchAndDevelopment": "0", "operatingExpenses": "758000000", "investmentIncomeNet": "None", "netInterestIncome": "None", "interestIncome": "None", "interestExpense": "555000000", "nonInterestIncome": "None", "otherNonOperatingIncome": "14000000", "depreciation": "None", "depreciationAndAmortization": "1193000000", "incomeBeforeTax": "850000000", "incomeTaxExpense": "310000000", "interestAndDebtExpense": "None", "netIncomeFromContinuingOperations": "1160000000", "comprehensiveIncomeNetOfTax": "None", "ebit": "1327000000", "ebitda": "2520000000", "netIncome": "540000000"}, {"fiscalDateEnding": "2013-12-31", "reportedCurrency": "USD", "grossProfit": "1783000000", "totalRevenue": "4955000000", "costOfRevenue": "3172000000", "costofGoodsAndServicesSold": "3172000000", "operatingIncome": "1141000000", "sellingGeneralAndAdministrative": "642000000", "researchAndDevelopment": "0", "operatingExpenses": "642000000", "investmentIncomeNet": "None", "netInterestIncome": "None", "interestIncome": "None", "interestExpense": "478000000", "nonInterestIncome": "None", "otherNonOperatingIncome": "5000000", "depreciation": "None", "depreciationAndAmortization": "1094000000", "incomeBeforeTax": "605000000", "incomeTaxExpense": "218000000", "interestAndDebtExpense": "None", "netIncomeFromContinuingOperations": "823000000", "comprehensiveIncomeNetOfTax": "None", "ebit": "1012000000", "ebitda": "2106000000", "netIncome": "387000000"}, {"fiscalDateEnding": "2012-12-31", "reportedCurrency": "USD", "grossProfit": "1429000000", "totalRevenue": "4117000000", "costOfRevenue": "2688000000", "costofGoodsAndServicesSold": "2688000000", "operatingIncome": "841000000", "sellingGeneralAndAdministrative": "588000000", "researchAndDevelopment": "0", "operatingExpenses": "588000000", "investmentIncomeNet": "None", "netInterestIncome": "None", "interestIncome": "None", "interestExpense": "516000000", "nonInterestIncome": "None", "otherNonOperatingIncome": "None", "depreciation": "None", "depreciationAndAmortization": "882000000", "incomeBeforeTax": "88000000", "incomeTaxExpense": "13000000", "interestAndDebtExpense": "None", "netIncomeFromContinuingOperations": "None", "comprehensiveIncomeNetOfTax": "None", "ebit": "534000000", "ebitda": "1416000000", "netIncome": "75000000"}, {"fiscalDateEnding": "2011-12-31", "reportedCurrency": "USD", "grossProfit": "868000000", "totalRevenue": "2611000000", "costOfRevenue": "1743000000", "costofGoodsAndServicesSold": "1743000000", "operatingIncome": "461000000", "sellingGeneralAndAdministrative": "407000000", "researchAndDevelopment": "None", "operatingExpenses": "407000000", "investmentIncomeNet": "None", "netInterestIncome": "None", "interestIncome": "None", "interestExpense": "305000000", "nonInterestIncome": "None", "otherNonOperatingIncome": "None", "depreciation": "None", "depreciationAndAmortization": "476000000", "incomeBeforeTax": "164000000", "incomeTaxExpense": "63000000", "interestAndDebtExpense": "None", "netIncomeFromContinuingOperations": "None", "comprehensiveIncomeNetOfTax": "None", "ebit": "399000000", "ebitda": "875000000", "netIncome": "101000000"}, {"fiscalDateEnding": "2010-12-31", "reportedCurrency": "USD", "grossProfit": "607000000", "totalRevenue": "2237000000", "costOfRevenue": "1630000000", "costofGoodsAndServicesSold": "1630000000", "operatingIncome": "240000000", "sellingGeneralAndAdministrative": "367000000", "researchAndDevelopment": "None", "operatingExpenses": "367000000", "investmentIncomeNet": "None", "netInterestIncome": "None", "interestIncome": "None", "interestExpense": "329000000", "nonInterestIncome": "None", "otherNonOperatingIncome": "None", "depreciation": "None", "depreciationAndAmortization": "440000000", "incomeBeforeTax": "-63000000", "incomeTaxExpense": "-41000000", "interestAndDebtExpense": "None", "netIncomeFromContinuingOperations": "None", "comprehensiveIncomeNetOfTax": "None", "ebit": "184000000", "ebitda": "624000000", "netIncome": "-26000000"}, {"fiscalDateEnding": "2009-12-31", "reportedCurrency": "USD", "grossProfit": "553000000", "totalRevenue": "2358000000", "costOfRevenue": "1805000000", "costofGoodsAndServicesSold": "1805000000", "operatingIncome": "145000000", "sellingGeneralAndAdministrative": "408000000", "researchAndDevelopment": "None", "operatingExpenses": "408000000", "investmentIncomeNet": "None", "netInterestIncome": "None", "interestIncome": "None", "interestExpense": "230000000", "nonInterestIncome": "None", "otherNonOperatingIncome": "None", "depreciation": "None", "depreciationAndAmortization": "465000000", "incomeBeforeTax": "-107000000", "incomeTaxExpense": "-47000000", "interestAndDebtExpense": "None", "netIncomeFromContinuingOperations": "None", "comprehensiveIncomeNetOfTax": "None", "ebit": "128000000", "ebitda": "593000000", "netIncome": "-62000000"}, {"fiscalDateEnding": "2008-12-31", "reportedCurrency": "USD", "grossProfit": "1045000000", "totalRevenue": "3267000000", "costOfRevenue": "2222000000", "costofGoodsAndServicesSold": "2222000000", "operatingIncome": "528000000", "sellingGeneralAndAdministrative": "528000000", "researchAndDevelopment": "None", "operatingExpenses": "517000000", "investmentIncomeNet": "None", "netInterestIncome": "None", "interestIncome": "None", "interestExpense": "183000000", "nonInterestIncome": "None", "otherNonOperatingIncome": "None", "depreciation": "None", "depreciationAndAmortization": "513000000", "incomeBeforeTax": "-813000000", "incomeTaxExpense": "-109000000", "interestAndDebtExpense": "None", "netIncomeFromContinuingOperations": "None", "comprehensiveIncomeNetOfTax": "None", "ebit": "-630000000", "ebitda": "-117000000", "netIncome": "-704000000"}, {"fiscalDateEnding": "2007-12-31", "reportedCurrency": "USD", "grossProfit": "1254000000", "totalRevenue": "3731000000", "costOfRevenue": "2477000000", "costofGoodsAndServicesSold": "2477000000", "operatingIncome": "659000000", "sellingGeneralAndAdministrative": "595000000", "researchAndDevelopment": "None", "operatingExpenses": "595000000", "investmentIncomeNet": "None", "netInterestIncome": "None", "interestIncome": "None", "interestExpense": "196000000", "nonInterestIncome": "None", "otherNonOperatingIncome": "None", "depreciation": "None", "depreciationAndAmortization": "488000000", "incomeBeforeTax": "578000000", "incomeTaxExpense": "215000000", "interestAndDebtExpense": "None", "netIncomeFromContinuingOperations": "None", "comprehensiveIncomeNetOfTax": "None", "ebit": "774000000", "ebitda": "1262000000", "netIncome": "362000000"}, {"fiscalDateEnding": "2006-12-31", "reportedCurrency": "USD", "grossProfit": "1239000000", "totalRevenue": "3640000000", "costOfRevenue": "2401000000", "costofGoodsAndServicesSold": "2401000000", "operatingIncome": "626000000", "sellingGeneralAndAdministrative": "613000000", "researchAndDevelopment": "None", "operatingExpenses": "613000000", "investmentIncomeNet": "None", "netInterestIncome": "None", "interestIncome": "None", "interestExpense": "246000000", "nonInterestIncome": "None", "otherNonOperatingIncome": "None", "depreciation": "None", "depreciationAndAmortization": "487000000", "incomeBeforeTax": "405000000", "incomeTaxExpense": "156000000", "interestAndDebtExpense": "None", "netIncomeFromContinuingOperations": "None", "comprehensiveIncomeNetOfTax": "None", "ebit": "620000000", "ebitda": "1107000000", "netIncome": "224000000"}], "quarterlyReports": [{"fiscalDateEnding": "2025-12-31", "reportedCurrency": "USD", "grossProfit": "1483000000", "totalRevenue": "4208000000", "costOfRevenue": "2725000000", "costofGoodsAndServicesSold": "2725000000", "operatingIncome": "1052000000", "sellingGeneralAndAdministrative": "431000000", "researchAndDevelopment": "None", "operatingExpenses": "431000000", "investmentIncomeNet": "None", "netInterestIncome": "-183000000", "interestIncome": "183000000", "interestExpense": "183000000", "nonInterestIncome": "None", "otherNonOperatingIncome": "None", "depreciation": "None", "depreciationAndAmortization": "805000000", "incomeBeforeTax": "874000000", "incomeTaxExpense": "221000000", "interestAndDebtExpense": "None", "netIncomeFromContinuingOperations": "653000000", "comprehensiveIncomeNetOfTax": "None", "ebit": "1057000000", "ebitda": "1862000000", "netIncome": "653000000"}, {"fiscalDateEnding": "2025-09-30", "reportedCurrency": "USD", "grossProfit": "1556000000", "totalRevenue": "4229000000", "costOfRevenue": "2673000000", "costofGoodsAndServicesSold": "2673000000", "operatingIncome": "1114000000", "sellingGeneralAndAdministrative": "442000000", "researchAndDevelopment": "None", "operatingExpenses": "442000000", "investmentIncomeNet": "None", "netInterestIncome": "-178000000", "interestIncome": "178000000", "interestExpense": "178000000", "nonInterestIncome": "None", "otherNonOperatingIncome": "None", "depreciation": "None", "depreciationAndAmortization": "109000000", "incomeBeforeTax": "937000000", "incomeTaxExpense": "236000000", "interestAndDebtExpense": "None", "netIncomeFromContinuingOperations": "701000000", "comprehensiveIncomeNetOfTax": "None", "ebit": "1115000000", "ebitda": "1224000000", "netIncome": "701000000"}, {"fiscalDateEnding": "2025-06-30", "reportedCurrency": "USD", "grossProfit": "1425000000", "totalRevenue": "3943000000", "costOfRevenue": "2518000000", "costofGoodsAndServicesSold": "2518000000", "operatingIncome": "1003000000", "sellingGeneralAndAdministrative": "422000000", "researchAndDevelopment": "None", "operatingExpenses": "422000000", "investmentIncomeNet": "None", "netInterestIncome": "-171000000", "interestIncome": "171000000", "interestExpense": "171000000", "nonInterestIncome": "None", "otherNonOperatingIncome": "None", "depreciation": "None", "depreciationAndAmortization": "759000000", "incomeBeforeTax": "839000000", "incomeTaxExpense": "217000000", "interestAndDebtExpense": "None", "netIncomeFromContinuingOperations": "622000000", "comprehensiveIncomeNetOfTax": "None", "ebit": "1010000000", "ebitda": "1769000000", "netIncome": "622000000"}, {"fiscalDateEnding": "2025-03-31", "reportedCurrency": "USD", "grossProfit": "1242000000", "totalRevenue": "3719000000", "costOfRevenue": "2477000000", "costofGoodsAndServicesSold": "2477000000", "operatingIncome": "805000000", "sellingGeneralAndAdministrative": "437000000", "researchAndDevelopment": "None", "operatingExpenses": "437000000", "investmentIncomeNet": "None", "netInterestIncome": "-184000000", "interestIncome": "184000000", "interestExpense": "184000000", "nonInterestIncome": "None", "otherNonOperatingIncome": "None", "depreciation": "None", "depreciationAndAmortization": "751000000", "incomeBeforeTax": "688000000", "incomeTaxExpense": "170000000", "interestAndDebtExpense": "None", "netIncomeFromContinuingOperations": "518000000", "comprehensiveIncomeNetOfTax": "None", "ebit": "872000000", "ebitda": "1623000000", "netIncome": "518000000"}, {"fiscalDateEnding": "2024-12-31", "reportedCurrency": "USD", "grossProfit": "1523000000", "totalRevenue": "4095000000", "costOfRevenue": "2572000000", "costofGoodsAndServicesSold": "2572000000", "operatingIncome": "1087000000", "sellingGeneralAndAdministrative": "436000000", "researchAndDevelopment": "None", "operatingExpenses": "436000000", "investmentIncomeNet": "None", "netInterestIncome": "-180000000", "interestIncome": "180000000", "interestExpense": "180000000", "nonInterestIncome": "None", "otherNonOperatingIncome": "None", "depreciation": "None", "depreciationAndAmortization": "762000000", "incomeBeforeTax": "909000000", "incomeTaxExpense": "220000000", "interestAndDebtExpense": "None", "netIncomeFromContinuingOperations": "689000000", "comprehensiveIncomeNetOfTax": "None", "ebit": "1089000000", "ebitda": "1851000000", "netIncome": "689000000"}, {"fiscalDateEnding": "2024-09-30", "reportedCurrency": "USD", "grossProfit": "1539000000", "totalRevenue": "3992000000", "costOfRevenue": "2453000000", "costofGoodsAndServicesSold": "2453000000", "operatingIncome": "1123000000", "sellingGeneralAndAdministrative": "416000000", "researchAndDevelopment": "None", "operatingExpenses": "416000000", "investmentIncomeNet": "None", "netInterestIncome": "-178000000", "interestIncome": "178000000", "interestExpense": "178000000", "nonInterestIncome": "None", "otherNonOperatingIncome": "None", "depreciation": "None", "depreciationAndAmortization": "738000000", "incomeBeforeTax": "949000000", "incomeTaxExpense": "241000000", "interestAndDebtExpense": "None", "netIncomeFromContinuingOperations": "708000000", "comprehensiveIncomeNetOfTax": "None", "ebit": "1127000000", "ebitda": "1865000000", "netIncome": "708000000"}, {"fiscalDateEnding": "2024-06-30", "reportedCurrency": "USD", "grossProfit": "1409000000", "totalRevenue": "3773000000", "costOfRevenue": "2364000000", "costofGoodsAndServicesSold": "2364000000", "operatingIncome": "1005000000", "sellingGeneralAndAdministrative": "404000000", "researchAndDevelopment": "None", "operatingExpenses": "404000000", "investmentIncomeNet": "None", "netInterestIncome": "-173000000", "interestIncome": "None", "interestExpense": "173000000", "nonInterestIncome": "None", "otherNonOperatingIncome": "None", "depreciation": "None", "depreciationAndAmortization": "717000000", "incomeBeforeTax": "835000000", "incomeTaxExpense": "199000000", "interestAndDebtExpense": "None", "netIncomeFromContinuingOperations": "636000000", "comprehensiveIncomeNetOfTax": "None", "ebit": "1008000000", "ebitda": "1725000000", "netIncome": "636000000"}, {"fiscalDateEnding": "2024-03-31", "reportedCurrency": "USD", "grossProfit": "1242000000", "totalRevenue": "3485000000", "costOfRevenue": "2243000000", "costofGoodsAndServicesSold": "2243000000", "operatingIncome": "853000000", "sellingGeneralAndAdministrative": "389000000", "researchAndDevelopment": "None", "operatingExpenses": "389000000", "investmentIncomeNet": "None", "netInterestIncome": "-160000000", "interestIncome": "None", "interestExpense": "160000000", "nonInterestIncome": "None", "otherNonOperatingIncome": "None", "depreciation": "None", "depreciationAndAmortization": "686000000", "incomeBeforeTax": "695000000", "incomeTaxExpense": "153000000", "interestAndDebtExpense": "None", "netIncomeFromContinuingOperations": "542000000", "comprehensiveIncomeNetOfTax": "None", "ebit": "855000000", "ebitda": "1541000000", "netIncome": "542000000"}, {"fiscalDateEnding": "2023-12-31", "reportedCurrency": "USD", "grossProfit": "1460000000", "totalRevenue": "3728000000", "costOfRevenue": "2268000000", "costofGoodsAndServicesSold": "2268000000", "operatingIncome": "1067000000", "sellingGeneralAndAdministrative": "393000000", "researchAndDevelopment": "None", "operatingExpenses": "393000000", "investmentIncomeNet": "None", "netInterestIncome": "-161000000", "interestIncome": "None", "interestExpense": "161000000", "nonInterestIncome": "None", "otherNonOperatingIncome": "None", "depreciation": "None", "depreciationAndAmortization": "697000000", "incomeBeforeTax": "902000000", "incomeTaxExpense": "223000000", "interestAndDebtExpense": "None", "netIncomeFromContinuingOperations": "679000000", "comprehensiveIncomeNetOfTax": "None", "ebit": "1063000000", "ebitda": "1760000000", "netIncome": "679000000"}, {"fiscalDateEnding": "2023-09-30", "reportedCurrency": "USD", "grossProfit": "1478000000", "totalRevenue": "3765000000", "costOfRevenue": "2287000000", "costofGoodsAndServicesSold": "2287000000", "operatingIncome": "1104000000", "sellingGeneralAndAdministrative": "374000000", "researchAndDevelopment": "None", "operatingExpenses": "374000000", "investmentIncomeNet": "None", "netInterestIncome": "-163000000", "interestIncome": "163000000", "interestExpense": "163000000", "nonInterestIncome": "None", "otherNonOperatingIncome": "None", "depreciation": "None", "depreciationAndAmortization": "695000000", "incomeBeforeTax": "943000000", "incomeTaxExpense": "240000000", "interestAndDebtExpense": "None", "netIncomeFromContinuingOperations": "703000000", "comprehensiveIncomeNetOfTax": "None", "ebit": "1106000000", "ebitda": "1801000000", "netIncome": "703000000"}, {"fiscalDateEnding": "2023-06-30", "reportedCurrency": "USD", "grossProfit": "1321000000", "totalRevenue": "3554000000", "costOfRevenue": "2233000000", "costofGoodsAndServicesSold": "2233000000", "operatingIncome": "943000000", "sellingGeneralAndAdministrative": "378000000", "researchAndDevelopment": "None", "operatingExpenses": "378000000", "investmentIncomeNet": "None", "netInterestIncome": "-161000000", "interestIncome": "161000000", "interestExpense": "161000000", "nonInterestIncome": "None", "otherNonOperatingIncome": "8000000", "depreciation": "None", "depreciationAndAmortization": "696000000", "incomeBeforeTax": "772000000", "incomeTaxExpense": "181000000", "interestAndDebtExpense": "None", "netIncomeFromContinuingOperations": "591000000", "comprehensiveIncomeNetOfTax": "None", "ebit": "933000000", "ebitda": "1629000000", "netIncome": "591000000"}, {"fiscalDateEnding": "2023-03-31", "reportedCurrency": "USD", "grossProfit": "1123000000", "totalRevenue": "3285000000", "costOfRevenue": "2162000000", "costofGoodsAndServicesSold": "2162000000", "operatingIncome": "741000000", "sellingGeneralAndAdministrative": "153000000", "researchAndDevelopment": "None", "operatingExpenses": "382000000", "investmentIncomeNet": "None", "netInterestIncome": "-150000000", "interestIncome": "150000000", "interestExpense": "150000000", "nonInterestIncome": "None", "otherNonOperatingIncome": "4000000", "depreciation": "None", "depreciationAndAmortization": "693000000", "incomeBeforeTax": "594000000", "incomeTaxExpense": "143000000", "interestAndDebtExpense": "None", "netIncomeFromContinuingOperations": "451000000", "comprehensiveIncomeNetOfTax": "None", "ebit": "744000000", "ebitda": "1437000000", "netIncome": "451000000"}, {"fiscalDateEnding": "2022-12-31", "reportedCurrency": "USD", "grossProfit": "1402000000", "totalRevenue": "3296000000", "costOfRevenue": "1894000000", "costofGoodsAndServicesSold": "1894000000", "operatingIncome": "1024000000", "sellingGeneralAndAdministrative": "153000000", "researchAndDevelopment": "None", "operatingExpenses": "378000000", "investmentIncomeNet": "None", "netInterestIncome": "-132000000", "interestIncome": "132000000", "interestExpense": "132000000", "nonInterestIncome": "None", "otherNonOperatingIncome": "3000000", "depreciation": "None", "depreciationAndAmortization": "577000000", "incomeBeforeTax": "895000000", "incomeTaxExpense": "256000000", "interestAndDebtExpense": "None", "netIncomeFromContinuingOperations": "639000000", "comprehensiveIncomeNetOfTax": "None", "ebit": "1027000000", "ebitda": "1604000000", "netIncome": "639000000"}, {"fiscalDateEnding": "2022-09-30", "reportedCurrency": "USD", "grossProfit": "1276000000", "totalRevenue": "3051000000", "costOfRevenue": "1775000000", "costofGoodsAndServicesSold": "1775000000", "operatingIncome": "920000000", "sellingGeneralAndAdministrative": "356000000", "researchAndDevelopment": "None", "operatingExpenses": "356000000", "investmentIncomeNet": "None", "netInterestIncome": "-106000000", "interestIncome": "106000000", "interestExpense": "106000000", "nonInterestIncome": "None", "otherNonOperatingIncome": "1000000", "depreciation": "None", "depreciationAndAmortization": "560000000", "incomeBeforeTax": "816000000", "incomeTaxExpense": "210000000", "interestAndDebtExpense": "None", "netIncomeFromContinuingOperations": "606000000", "comprehensiveIncomeNetOfTax": "None", "ebit": "922000000", "ebitda": "1482000000", "netIncome": "606000000"}, {"fiscalDateEnding": "2022-06-30", "reportedCurrency": "USD", "grossProfit": "1059000000", "totalRevenue": "2771000000", "costOfRevenue": "1712000000", "costofGoodsAndServicesSold": "1712000000", "operatingIncome": "716000000", "sellingGeneralAndAdministrative": "153000000", "researchAndDevelopment": "None", "operatingExpenses": "343000000", "investmentIncomeNet": "None", "netInterestIncome": "-113000000", "interestIncome": "113000000", "interestExpense": "113000000", "nonInterestIncome": "None", "otherNonOperatingIncome": "6000000", "depreciation": "None", "depreciationAndAmortization": "548000000", "incomeBeforeTax": "608000000", "incomeTaxExpense": "115000000", "interestAndDebtExpense": "None", "netIncomeFromContinuingOperations": "493000000", "comprehensiveIncomeNetOfTax": "None", "ebit": "721000000", "ebitda": "1269000000", "netIncome": "493000000"}, {"fiscalDateEnding": "2022-03-31", "reportedCurrency": "USD", "grossProfit": "895000000", "totalRevenue": "2524000000", "costOfRevenue": "1629000000", "costofGoodsAndServicesSold": "1629000000", "operatingIncome": "572000000", "sellingGeneralAndAdministrative": "323000000", "researchAndDevelopment": "None", "operatingExpenses": "323000000", "investmentIncomeNet": "None", "netInterestIncome": "-94000000", "interestIncome": "94000000", "interestExpense": "94000000", "nonInterestIncome": "None", "otherNonOperatingIncome": "5000000", "depreciation": "None", "depreciationAndAmortization": "532000000", "incomeBeforeTax": "483000000", "incomeTaxExpense": "116000000", "interestAndDebtExpense": "None", "netIncomeFromContinuingOperations": "367000000", "comprehensiveIncomeNetOfTax": "None", "ebit": "577000000", "ebitda": "1109000000", "netIncome": "367000000"}, {"fiscalDateEnding": "2021-12-31", "reportedCurrency": "USD", "grossProfit": "1068000000", "totalRevenue": "2776000000", "costOfRevenue": "1708000000", "costofGoodsAndServicesSold": "1708000000", "operatingIncome": "746000000", "sellingGeneralAndAdministrative": "322000000", "researchAndDevelopment": "None", "operatingExpenses": "322000000", "investmentIncomeNet": "None", "netInterestIncome": "-93000000", "interestIncome": "93000000", "interestExpense": "93000000", "nonInterestIncome": "None", "otherNonOperatingIncome": "-8000000", "depreciation": "None", "depreciationAndAmortization": "532000000", "incomeBeforeTax": "644000000", "incomeTaxExpense": "163000000", "interestAndDebtExpense": "None", "netIncomeFromContinuingOperations": "481000000", "comprehensiveIncomeNetOfTax": "None", "ebit": "737000000", "ebitda": "1269000000", "netIncome": "481000000"}, {"fiscalDateEnding": "2021-09-30", "reportedCurrency": "USD", "grossProfit": "1005000000", "totalRevenue": "2596000000", "costOfRevenue": "1591000000", "costofGoodsAndServicesSold": "1591000000", "operatingIncome": "679000000", "sellingGeneralAndAdministrative": "326000000", "researchAndDevelopment": "None", "operatingExpenses": "326000000", "investmentIncomeNet": "None", "netInterestIncome": "-132000000", "interestIncome": "132000000", "interestExpense": "132000000", "nonInterestIncome": "None", "otherNonOperatingIncome": "3000000", "depreciation": "None", "depreciationAndAmortization": "510000000", "incomeBeforeTax": "550000000", "incomeTaxExpense": "141000000", "interestAndDebtExpense": "None", "netIncomeFromContinuingOperations": "409000000", "comprehensiveIncomeNetOfTax": "None", "ebit": "682000000", "ebitda": "1192000000", "netIncome": "409000000"}, {"fiscalDateEnding": "2021-06-30", "reportedCurrency": "USD", "grossProfit": "785000000", "totalRevenue": "2287000000", "costOfRevenue": "1502000000", "costofGoodsAndServicesSold": "1502000000", "operatingIncome": "484000000", "sellingGeneralAndAdministrative": "301000000", "researchAndDevelopment": "None", "operatingExpenses": "301000000", "investmentIncomeNet": "None", "netInterestIncome": "-100000000", "interestIncome": "100000000", "interestExpense": "100000000", "nonInterestIncome": "None", "otherNonOperatingIncome": "-4000000", "depreciation": "None", "depreciationAndAmortization": "475000000", "incomeBeforeTax": "377000000", "incomeTaxExpense": "84000000", "interestAndDebtExpense": "None", "netIncomeFromContinuingOperations": "293000000", "comprehensiveIncomeNetOfTax": "None", "ebit": "477000000", "ebitda": "952000000", "netIncome": "293000000"}, {"fiscalDateEnding": "2021-03-31", "reportedCurrency": "USD", "grossProfit": "623000000", "totalRevenue": "2057000000", "costOfRevenue": "1434000000", "costofGoodsAndServicesSold": "1434000000", "operatingIncome": "373000000", "sellingGeneralAndAdministrative": "250000000", "researchAndDevelopment": "None", "operatingExpenses": "250000000", "investmentIncomeNet": "None", "netInterestIncome": "-99000000", "interestIncome": "99000000", "interestExpense": "99000000", "nonInterestIncome": "None", "otherNonOperatingIncome": "2000000", "depreciation": "None", "depreciationAndAmortization": "466000000", "incomeBeforeTax": "275000000", "incomeTaxExpense": "72000000", "interestAndDebtExpense": "None", "netIncomeFromContinuingOperations": "203000000", "comprehensiveIncomeNetOfTax": "None", "ebit": "374000000", "ebitda": "840000000", "netIncome": "203000000"}, {"fiscalDateEnding": "2020-12-31", "reportedCurrency": "USD", "grossProfit": "774000000", "totalRevenue": "2279000000", "costOfRevenue": "1505000000", "costofGoodsAndServicesSold": "1505000000", "operatingIncome": "516000000", "sellingGeneralAndAdministrative": "489000000", "researchAndDevelopment": "None", "operatingExpenses": "258000000", "investmentIncomeNet": "None", "netInterestIncome": "-125000000", "interestIncome": "125000000", "interestExpense": "125000000", "nonInterestIncome": "None", "otherNonOperatingIncome": "2000000", "depreciation": "None", "depreciationAndAmortization": "480000000", "incomeBeforeTax": "387000000", "incomeTaxExpense": "90000000", "interestAndDebtExpense": "None", "netIncomeFromContinuingOperations": "-21000000", "comprehensiveIncomeNetOfTax": "None", "ebit": "512000000", "ebitda": "992000000", "netIncome": "297000000"}, {"fiscalDateEnding": "2020-09-30", "reportedCurrency": "USD", "grossProfit": "799000000", "totalRevenue": "2187000000", "costOfRevenue": "1388000000", "costofGoodsAndServicesSold": "1388000000", "operatingIncome": "567000000", "sellingGeneralAndAdministrative": "232000000", "researchAndDevelopment": "None", "operatingExpenses": "232000000", "investmentIncomeNet": "None", "netInterestIncome": "-278000000", "interestIncome": "278000000", "interestExpense": "278000000", "nonInterestIncome": "None", "otherNonOperatingIncome": "2000000", "depreciation": "None", "depreciationAndAmortization": "482000000", "incomeBeforeTax": "275000000", "incomeTaxExpense": "67000000", "interestAndDebtExpense": "None", "netIncomeFromContinuingOperations": "342000000", "comprehensiveIncomeNetOfTax": "None", "ebit": "553000000", "ebitda": "1035000000", "netIncome": "208000000"}, {"fiscalDateEnding": "2020-06-30", "reportedCurrency": "USD", "grossProfit": "606000000", "totalRevenue": "1939000000", "costOfRevenue": "1333000000", "costofGoodsAndServicesSold": "1333000000", "operatingIncome": "384000000", "sellingGeneralAndAdministrative": "222000000", "researchAndDevelopment": "None", "operatingExpenses": "222000000", "investmentIncomeNet": "None", "netInterestIncome": "-130000000", "interestIncome": "130000000", "interestExpense": "130000000", "nonInterestIncome": "None", "otherNonOperatingIncome": "None", "depreciation": "None", "depreciationAndAmortization": "490000000", "incomeBeforeTax": "251000000", "incomeTaxExpense": "39000000", "interestAndDebtExpense": "None", "netIncomeFromContinuingOperations": "290000000", "comprehensiveIncomeNetOfTax": "None", "ebit": "381000000", "ebitda": "871000000", "netIncome": "212000000"}, {"fiscalDateEnding": "2020-03-31", "reportedCurrency": "USD", "grossProfit": "627000000", "totalRevenue": "2125000000", "costOfRevenue": "1498000000", "costofGoodsAndServicesSold": "1498000000", "operatingIncome": "360000000", "sellingGeneralAndAdministrative": "267000000", "researchAndDevelopment": "None", "operatingExpenses": "267000000", "investmentIncomeNet": "None", "netInterestIncome": "-136000000", "interestIncome": "136000000", "interestExpense": "136000000", "nonInterestIncome": "None", "otherNonOperatingIncome": "4000000", "depreciation": "None", "depreciationAndAmortization": "526000000", "incomeBeforeTax": "226000000", "incomeTaxExpense": "53000000", "interestAndDebtExpense": "None", "netIncomeFromContinuingOperations": "279000000", "comprehensiveIncomeNetOfTax": "None", "ebit": "362000000", "ebitda": "888000000", "netIncome": "173000000"}, {"fiscalDateEnding": "2019-12-31", "reportedCurrency": "USD", "grossProfit": "869000000", "totalRevenue": "2456000000", "costOfRevenue": "1587000000", "costofGoodsAndServicesSold": "1587000000", "operatingIncome": "601000000", "sellingGeneralAndAdministrative": "268000000", "researchAndDevelopment": "None", "operatingExpenses": "268000000", "investmentIncomeNet": "None", "netInterestIncome": "-170000000", "interestIncome": "170000000", "interestExpense": "170000000", "nonInterestIncome": "None", "otherNonOperatingIncome": "4000000", "depreciation": "None", "depreciationAndAmortization": "516000000", "incomeBeforeTax": "433000000", "incomeTaxExpense": "95000000", "interestAndDebtExpense": "None", "netIncomeFromContinuingOperations": "-152000000", "comprehensiveIncomeNetOfTax": "None", "ebit": "603000000", "ebitda": "1119000000", "netIncome": "338000000"}, {"fiscalDateEnding": "2019-09-30", "reportedCurrency": "USD", "grossProfit": "931000000", "totalRevenue": "2488000000", "costOfRevenue": "1557000000", "costofGoodsAndServicesSold": "1557000000", "operatingIncome": "658000000", "sellingGeneralAndAdministrative": "273000000", "researchAndDevelopment": "None", "operatingExpenses": "273000000", "investmentIncomeNet": "None", "netInterestIncome": "-147000000", "interestIncome": "147000000", "interestExpense": "147000000", "nonInterestIncome": "None", "otherNonOperatingIncome": "1000000", "depreciation": "None", "depreciationAndAmortization": "519000000", "incomeBeforeTax": "510000000", "incomeTaxExpense": "119000000", "interestAndDebtExpense": "None", "netIncomeFromContinuingOperations": "629000000", "comprehensiveIncomeNetOfTax": "None", "ebit": "657000000", "ebitda": "1176000000", "netIncome": "391000000"}, {"fiscalDateEnding": "2019-06-30", "reportedCurrency": "USD", "grossProfit": "806000000", "totalRevenue": "2290000000", "costOfRevenue": "1484000000", "costofGoodsAndServicesSold": "1484000000", "operatingIncome": "535000000", "sellingGeneralAndAdministrative": "271000000", "researchAndDevelopment": "None", "operatingExpenses": "271000000", "investmentIncomeNet": "None", "netInterestIncome": "-180000000", "interestIncome": "180000000", "interestExpense": "180000000", "nonInterestIncome": "None", "otherNonOperatingIncome": "2000000", "depreciation": "None", "depreciationAndAmortization": "504000000", "incomeBeforeTax": "351000000", "incomeTaxExpense": "81000000", "interestAndDebtExpense": "None", "netIncomeFromContinuingOperations": "432000000", "comprehensiveIncomeNetOfTax": "None", "ebit": "531000000", "ebitda": "1035000000", "netIncome": "270000000"}, {"fiscalDateEnding": "2019-03-31", "reportedCurrency": "USD", "grossProfit": "657000000", "totalRevenue": "2117000000", "costOfRevenue": "1460000000", "costofGoodsAndServicesSold": "1460000000", "operatingIncome": "377000000", "sellingGeneralAndAdministrative": "280000000", "researchAndDevelopment": "None", "operatingExpenses": "280000000", "investmentIncomeNet": "None", "netInterestIncome": "-151000000", "interestIncome": "151000000", "interestExpense": "151000000", "nonInterestIncome": "None", "otherNonOperatingIncome": "3000000", "depreciation": "None", "depreciationAndAmortization": "499000000", "incomeBeforeTax": "220000000", "incomeTaxExpense": "45000000", "interestAndDebtExpense": "None", "netIncomeFromContinuingOperations": "265000000", "comprehensiveIncomeNetOfTax": "None", "ebit": "371000000", "ebitda": "870000000", "netIncome": "175000000"}, {"fiscalDateEnding": "2018-12-31", "reportedCurrency": "USD", "grossProfit": "903000000", "totalRevenue": "2306000000", "costOfRevenue": "1403000000", "costofGoodsAndServicesSold": "1403000000", "operatingIncome": "601000000", "sellingGeneralAndAdministrative": "302000000", "researchAndDevelopment": "0", "operatingExpenses": "302000000", "investmentIncomeNet": "None", "netInterestIncome": "None", "interestIncome": "None", "interestExpense": "142000000", "nonInterestIncome": "None", "otherNonOperatingIncome": "4000000", "depreciation": "None", "depreciationAndAmortization": "470000000", "incomeBeforeTax": "425000000", "incomeTaxExpense": "115000000", "interestAndDebtExpense": "None", "netIncomeFromContinuingOperations": "540000000", "comprehensiveIncomeNetOfTax": "None", "ebit": "567000000", "ebitda": "1037000000", "netIncome": "310000000"}, {"fiscalDateEnding": "2018-09-30", "reportedCurrency": "USD", "grossProfit": "863000000", "totalRevenue": "2116000000", "costOfRevenue": "1253000000", "costofGoodsAndServicesSold": "1253000000", "operatingIncome": "598000000", "sellingGeneralAndAdministrative": "265000000", "researchAndDevelopment": "0", "operatingExpenses": "265000000", "investmentIncomeNet": "None", "netInterestIncome": "None", "interestIncome": "None", "interestExpense": "118000000", "nonInterestIncome": "None", "otherNonOperatingIncome": "None", "depreciation": "None", "depreciationAndAmortization": "418000000", "incomeBeforeTax": "460000000", "incomeTaxExpense": "127000000", "interestAndDebtExpense": "None", "netIncomeFromContinuingOperations": "587000000", "comprehensiveIncomeNetOfTax": "None", "ebit": "578000000", "ebitda": "996000000", "netIncome": "333000000"}, {"fiscalDateEnding": "2018-06-30", "reportedCurrency": "USD", "grossProfit": "715000000", "totalRevenue": "1891000000", "costOfRevenue": "1176000000", "costofGoodsAndServicesSold": "1176000000", "operatingIncome": "476000000", "sellingGeneralAndAdministrative": "239000000", "researchAndDevelopment": "0", "operatingExpenses": "239000000", "investmentIncomeNet": "None", "netInterestIncome": "None", "interestIncome": "None", "interestExpense": "112000000", "nonInterestIncome": "None", "otherNonOperatingIncome": "1000000", "depreciation": "None", "depreciationAndAmortization": "390000000", "incomeBeforeTax": "359000000", "incomeTaxExpense": "89000000", "interestAndDebtExpense": "None", "netIncomeFromContinuingOperations": "448000000", "comprehensiveIncomeNetOfTax": "None", "ebit": "472000000", "ebitda": "862000000", "netIncome": "270000000"}, {"fiscalDateEnding": "2018-03-31", "reportedCurrency": "USD", "grossProfit": "575000000", "totalRevenue": "1734000000", "costOfRevenue": "1159000000", "costofGoodsAndServicesSold": "1159000000", "operatingIncome": "343000000", "sellingGeneralAndAdministrative": "232000000", "researchAndDevelopment": "0", "operatingExpenses": "232000000", "investmentIncomeNet": "None", "netInterestIncome": "None", "interestIncome": "None", "interestExpense": "109000000", "nonInterestIncome": "None", "otherNonOperatingIncome": "1000000", "depreciation": "None", "depreciationAndAmortization": "393000000", "incomeBeforeTax": "232000000", "incomeTaxExpense": "49000000", "interestAndDebtExpense": "None", "netIncomeFromContinuingOperations": "281000000", "comprehensiveIncomeNetOfTax": "None", "ebit": "341000000", "ebitda": "734000000", "netIncome": "183000000"}, {"fiscalDateEnding": "2017-12-31", "reportedCurrency": "USD", "grossProfit": "761000000", "totalRevenue": "1922000000", "costOfRevenue": "1161000000", "costofGoodsAndServicesSold": "1161000000", "operatingIncome": "506000000", "sellingGeneralAndAdministrative": "255000000", "researchAndDevelopment": "0", "operatingExpenses": "255000000", "investmentIncomeNet": "None", "netInterestIncome": "None", "interestIncome": "None", "interestExpense": "126000000", "nonInterestIncome": "None", "otherNonOperatingIncome": "None", "depreciation": "None", "depreciationAndAmortization": "390000000", "incomeBeforeTax": "336000000", "incomeTaxExpense": "-561000000", "interestAndDebtExpense": "None", "netIncomeFromContinuingOperations": "-225000000", "comprehensiveIncomeNetOfTax": "None", "ebit": "451000000", "ebitda": "841000000", "netIncome": "897000000"}, {"fiscalDateEnding": "2017-09-30", "reportedCurrency": "USD", "grossProfit": "714000000", "totalRevenue": "1766000000", "costOfRevenue": "1052000000", "costofGoodsAndServicesSold": "1052000000", "operatingIncome": "477000000", "sellingGeneralAndAdministrative": "237000000", "researchAndDevelopment": "0", "operatingExpenses": "237000000", "investmentIncomeNet": "None", "netInterestIncome": "None", "interestIncome": "None", "interestExpense": "131000000", "nonInterestIncome": "None", "otherNonOperatingIncome": "5000000", "depreciation": "None", "depreciationAndAmortization": "353000000", "incomeBeforeTax": "322000000", "incomeTaxExpense": "123000000", "interestAndDebtExpense": "None", "netIncomeFromContinuingOperations": "445000000", "comprehensiveIncomeNetOfTax": "None", "ebit": "423000000", "ebitda": "776000000", "netIncome": "199000000"}, {"fiscalDateEnding": "2017-06-30", "reportedCurrency": "USD", "grossProfit": "596000000", "totalRevenue": "1597000000", "costOfRevenue": "1001000000", "costofGoodsAndServicesSold": "1001000000", "operatingIncome": "378000000", "sellingGeneralAndAdministrative": "218000000", "researchAndDevelopment": "0", "operatingExpenses": "218000000", "investmentIncomeNet": "None", "netInterestIncome": "None", "interestIncome": "None", "interestExpense": "113000000", "nonInterestIncome": "None", "otherNonOperatingIncome": "2000000", "depreciation": "None", "depreciationAndAmortization": "330000000", "incomeBeforeTax": "229000000", "incomeTaxExpense": "88000000", "interestAndDebtExpense": "None", "netIncomeFromContinuingOperations": "317000000", "comprehensiveIncomeNetOfTax": "None", "ebit": "330000000", "ebitda": "660000000", "netIncome": "141000000"}, {"fiscalDateEnding": "2017-03-31", "reportedCurrency": "USD", "grossProfit": "457000000", "totalRevenue": "1356000000", "costOfRevenue": "899000000", "costofGoodsAndServicesSold": "899000000", "operatingIncome": "264000000", "sellingGeneralAndAdministrative": "193000000", "researchAndDevelopment": "0", "operatingExpenses": "193000000", "investmentIncomeNet": "None", "netInterestIncome": "None", "interestIncome": "None", "interestExpense": "94000000", "nonInterestIncome": "None", "otherNonOperatingIncome": "-2000000", "depreciation": "None", "depreciationAndAmortization": "310000000", "incomeBeforeTax": "161000000", "incomeTaxExpense": "52000000", "interestAndDebtExpense": "None", "netIncomeFromContinuingOperations": "213000000", "comprehensiveIncomeNetOfTax": "None", "ebit": "256000000", "ebitda": "566000000", "netIncome": "109000000"}, {"fiscalDateEnding": "2016-12-31", "reportedCurrency": "USD", "grossProfit": "601000000", "totalRevenue": "1523000000", "costOfRevenue": "922000000", "costofGoodsAndServicesSold": "922000000", "operatingIncome": "415000000", "sellingGeneralAndAdministrative": "186000000", "researchAndDevelopment": "0", "operatingExpenses": "186000000", "investmentIncomeNet": "None", "netInterestIncome": "None", "interestIncome": "None", "interestExpense": "162000000", "nonInterestIncome": "None", "otherNonOperatingIncome": "2000000", "depreciation": "None", "depreciationAndAmortization": "318000000", "incomeBeforeTax": "242000000", "incomeTaxExpense": "89000000", "interestAndDebtExpense": "None", "netIncomeFromContinuingOperations": "331000000", "comprehensiveIncomeNetOfTax": "None", "ebit": "340000000", "ebitda": "658000000", "netIncome": "153000000"}, {"fiscalDateEnding": "2016-09-30", "reportedCurrency": "USD", "grossProfit": "602000000", "totalRevenue": "1508000000", "costOfRevenue": "906000000", "costofGoodsAndServicesSold": "906000000", "operatingIncome": "423000000", "sellingGeneralAndAdministrative": "179000000", "researchAndDevelopment": "0", "operatingExpenses": "179000000", "investmentIncomeNet": "None", "netInterestIncome": "None", "interestIncome": "None", "interestExpense": "110000000", "nonInterestIncome": "None", "otherNonOperatingIncome": "1000000", "depreciation": "None", "depreciationAndAmortization": "311000000", "incomeBeforeTax": "303000000", "incomeTaxExpense": "116000000", "interestAndDebtExpense": "None", "netIncomeFromContinuingOperations": "419000000", "comprehensiveIncomeNetOfTax": "None", "ebit": "403000000", "ebitda": "714000000", "netIncome": "187000000"}, {"fiscalDateEnding": "2016-06-30", "reportedCurrency": "USD", "grossProfit": "590000000", "totalRevenue": "1421000000", "costOfRevenue": "831000000", "costofGoodsAndServicesSold": "831000000", "operatingIncome": "347000000", "sellingGeneralAndAdministrative": "177000000", "researchAndDevelopment": "0", "operatingExpenses": "241000000", "investmentIncomeNet": "None", "netInterestIncome": "None", "interestIncome": "None", "interestExpense": "132000000", "nonInterestIncome": "None", "otherNonOperatingIncome": "2000000", "depreciation": "None", "depreciationAndAmortization": "306000000", "incomeBeforeTax": "217000000", "incomeTaxExpense": "83000000", "interestAndDebtExpense": "None", "netIncomeFromContinuingOperations": "300000000", "comprehensiveIncomeNetOfTax": "None", "ebit": "107000000", "ebitda": "413000000", "netIncome": "134000000"}, {"fiscalDateEnding": "2016-03-31", "reportedCurrency": "USD", "grossProfit": "500000000", "totalRevenue": "1310000000", "costOfRevenue": "810000000", "costofGoodsAndServicesSold": "810000000", "operatingIncome": "254000000", "sellingGeneralAndAdministrative": "177000000", "researchAndDevelopment": "0", "operatingExpenses": "244000000", "investmentIncomeNet": "None", "netInterestIncome": "None", "interestIncome": "None", "interestExpense": "107000000", "nonInterestIncome": "None", "otherNonOperatingIncome": "None", "depreciation": "None", "depreciationAndAmortization": "310000000", "incomeBeforeTax": "147000000", "incomeTaxExpense": "55000000", "interestAndDebtExpense": "None", "netIncomeFromContinuingOperations": "202000000", "comprehensiveIncomeNetOfTax": "None", "ebit": "11000000", "ebitda": "321000000", "netIncome": "92000000"}, {"fiscalDateEnding": "2015-12-31", "reportedCurrency": "USD", "grossProfit": "648000000", "totalRevenue": "1523000000", "costOfRevenue": "875000000", "costofGoodsAndServicesSold": "875000000", "operatingIncome": "397000000", "sellingGeneralAndAdministrative": "180000000", "researchAndDevelopment": "0", "operatingExpenses": "246000000", "investmentIncomeNet": "None", "netInterestIncome": "None", "interestIncome": "None", "interestExpense": "107000000", "nonInterestIncome": "None", "otherNonOperatingIncome": "2000000", "depreciation": "None", "depreciationAndAmortization": "318000000", "incomeBeforeTax": "292000000", "incomeTaxExpense": "123000000", "interestAndDebtExpense": "None", "netIncomeFromContinuingOperations": "415000000", "comprehensiveIncomeNetOfTax": "None", "ebit": "-562000000", "ebitda": "-244000000", "netIncome": "169000000"}, {"fiscalDateEnding": "2015-09-30", "reportedCurrency": "USD", "grossProfit": "690000000", "totalRevenue": "1550000000", "costOfRevenue": "860000000", "costofGoodsAndServicesSold": "860000000", "operatingIncome": "446000000", "sellingGeneralAndAdministrative": "178000000", "researchAndDevelopment": "0", "operatingExpenses": "244000000", "investmentIncomeNet": "None", "netInterestIncome": "None", "interestIncome": "None", "interestExpense": "107000000", "nonInterestIncome": "None", "otherNonOperatingIncome": "1000000", "depreciation": "None", "depreciationAndAmortization": "315000000", "incomeBeforeTax": "340000000", "incomeTaxExpense": "125000000", "interestAndDebtExpense": "None", "netIncomeFromContinuingOperations": "465000000", "comprehensiveIncomeNetOfTax": "None", "ebit": "198000000", "ebitda": "513000000", "netIncome": "215000000"}, {"fiscalDateEnding": "2015-06-30", "reportedCurrency": "USD", "grossProfit": "618000000", "totalRevenue": "1429000000", "costOfRevenue": "811000000", "costofGoodsAndServicesSold": "811000000", "operatingIncome": "375000000", "sellingGeneralAndAdministrative": "175000000", "researchAndDevelopment": "0", "operatingExpenses": "242000000", "investmentIncomeNet": "None", "netInterestIncome": "None", "interestIncome": "None", "interestExpense": "232000000", "nonInterestIncome": "None", "otherNonOperatingIncome": "6000000", "depreciation": "None", "depreciationAndAmortization": "307000000", "incomeBeforeTax": "149000000", "incomeTaxExpense": "63000000", "interestAndDebtExpense": "None", "netIncomeFromContinuingOperations": "212000000", "comprehensiveIncomeNetOfTax": "None", "ebit": "141000000", "ebitda": "448000000", "netIncome": "86000000"}, {"fiscalDateEnding": "2015-03-31", "reportedCurrency": "USD", "grossProfit": "524000000", "totalRevenue": "1315000000", "costOfRevenue": "791000000", "costofGoodsAndServicesSold": "791000000", "operatingIncome": "300000000", "sellingGeneralAndAdministrative": "181000000", "researchAndDevelopment": "0", "operatingExpenses": "250000000", "investmentIncomeNet": "None", "netInterestIncome": "None", "interestIncome": "None", "interestExpense": "121000000", "nonInterestIncome": "None", "otherNonOperatingIncome": "3000000", "depreciation": "None", "depreciationAndAmortization": "304000000", "incomeBeforeTax": "182000000", "incomeTaxExpense": "67000000", "interestAndDebtExpense": "None", "netIncomeFromContinuingOperations": "249000000", "comprehensiveIncomeNetOfTax": "None", "ebit": "68000000", "ebitda": "372000000", "netIncome": "115000000"}, {"fiscalDateEnding": "2014-12-31", "reportedCurrency": "USD", "grossProfit": "707000000", "totalRevenue": "1564000000", "costOfRevenue": "857000000", "costofGoodsAndServicesSold": "857000000", "operatingIncome": "426000000", "sellingGeneralAndAdministrative": "209000000", "researchAndDevelopment": "0", "operatingExpenses": "282000000", "investmentIncomeNet": "None", "netInterestIncome": "None", "interestIncome": "None", "interestExpense": "119000000", "nonInterestIncome": "None", "otherNonOperatingIncome": "4000000", "depreciation": "None", "depreciationAndAmortization": "312000000", "incomeBeforeTax": "311000000", "incomeTaxExpense": "117000000", "interestAndDebtExpense": "None", "netIncomeFromContinuingOperations": "428000000", "comprehensiveIncomeNetOfTax": "None", "ebit": "-512000000", "ebitda": "-200000000", "netIncome": "194000000"}, {"fiscalDateEnding": "2014-09-30", "reportedCurrency": "USD", "grossProfit": "688000000", "totalRevenue": "1544000000", "costOfRevenue": "856000000", "costofGoodsAndServicesSold": "856000000", "operatingIncome": "422000000", "sellingGeneralAndAdministrative": "194000000", "researchAndDevelopment": "0", "operatingExpenses": "264000000", "investmentIncomeNet": "None", "netInterestIncome": "None", "interestIncome": "None", "interestExpense": "124000000", "nonInterestIncome": "None", "otherNonOperatingIncome": "5000000", "depreciation": "None", "depreciationAndAmortization": "306000000", "incomeBeforeTax": "303000000", "incomeTaxExpense": "111000000", "interestAndDebtExpense": "None", "netIncomeFromContinuingOperations": "414000000", "comprehensiveIncomeNetOfTax": "None", "ebit": "191000000", "ebitda": "497000000", "netIncome": "192000000"}, {"fiscalDateEnding": "2014-06-30", "reportedCurrency": "USD", "grossProfit": "589000000", "totalRevenue": "1399000000", "costOfRevenue": "810000000", "costofGoodsAndServicesSold": "810000000", "operatingIncome": "325000000", "sellingGeneralAndAdministrative": "187000000", "researchAndDevelopment": "0", "operatingExpenses": "257000000", "investmentIncomeNet": "None", "netInterestIncome": "None", "interestIncome": "None", "interestExpense": "187000000", "nonInterestIncome": "None", "otherNonOperatingIncome": "4000000", "depreciation": "None", "depreciationAndAmortization": "299000000", "incomeBeforeTax": "142000000", "incomeTaxExpense": "48000000", "interestAndDebtExpense": "None", "netIncomeFromContinuingOperations": "190000000", "comprehensiveIncomeNetOfTax": "None", "ebit": "100000000", "ebitda": "399000000", "netIncome": "94000000"}, {"fiscalDateEnding": "2014-03-31", "reportedCurrency": "USD", "grossProfit": "448000000", "totalRevenue": "1178000000", "costOfRevenue": "730000000", "costofGoodsAndServicesSold": "730000000", "operatingIncome": "218000000", "sellingGeneralAndAdministrative": "168000000", "researchAndDevelopment": "0", "operatingExpenses": "228000000", "investmentIncomeNet": "None", "netInterestIncome": "None", "interestIncome": "None", "interestExpense": "125000000", "nonInterestIncome": "None", "otherNonOperatingIncome": "1000000", "depreciation": "None", "depreciationAndAmortization": "277000000", "incomeBeforeTax": "94000000", "incomeTaxExpense": "34000000", "interestAndDebtExpense": "None", "netIncomeFromContinuingOperations": "128000000", "comprehensiveIncomeNetOfTax": "None", "ebit": "2000000", "ebitda": "279000000", "netIncome": "60000000"}, {"fiscalDateEnding": "2013-12-31", "reportedCurrency": "USD", "grossProfit": "567000000", "totalRevenue": "1338000000", "costOfRevenue": "771000000", "costofGoodsAndServicesSold": "771000000", "operatingIncome": "342000000", "sellingGeneralAndAdministrative": "163000000", "researchAndDevelopment": "0", "operatingExpenses": "224000000", "investmentIncomeNet": "None", "netInterestIncome": "None", "interestIncome": "None", "interestExpense": "118000000", "nonInterestIncome": "None", "otherNonOperatingIncome": "None", "depreciation": "None", "depreciationAndAmortization": "284000000", "incomeBeforeTax": "226000000", "incomeTaxExpense": "86000000", "interestAndDebtExpense": "None", "netIncomeFromContinuingOperations": "0", "comprehensiveIncomeNetOfTax": "None", "ebit": "344000000", "ebitda": "628000000", "netIncome": "140000000"}, {"fiscalDateEnding": "2013-09-30", "reportedCurrency": "USD", "grossProfit": "564000000", "totalRevenue": "1311000000", "costOfRevenue": "747000000", "costofGoodsAndServicesSold": "747000000", "operatingIncome": "337000000", "sellingGeneralAndAdministrative": "167000000", "researchAndDevelopment": "0", "operatingExpenses": "226000000", "investmentIncomeNet": "None", "netInterestIncome": "None", "interestIncome": "None", "interestExpense": "121000000", "nonInterestIncome": "None", "otherNonOperatingIncome": "2000000", "depreciation": "None", "depreciationAndAmortization": "278000000", "incomeBeforeTax": "218000000", "incomeTaxExpense": "75000000", "interestAndDebtExpense": "None", "netIncomeFromContinuingOperations": "293000000", "comprehensiveIncomeNetOfTax": "None", "ebit": "120000000", "ebitda": "398000000", "netIncome": "143000000"}, {"fiscalDateEnding": "2013-06-30", "reportedCurrency": "USD", "grossProfit": "471000000", "totalRevenue": "1206000000", "costOfRevenue": "735000000", "costofGoodsAndServicesSold": "735000000", "operatingIncome": "250000000", "sellingGeneralAndAdministrative": "152000000", "researchAndDevelopment": "0", "operatingExpenses": "214000000", "investmentIncomeNet": "None", "netInterestIncome": "None", "interestIncome": "None", "interestExpense": "119000000", "nonInterestIncome": "None", "otherNonOperatingIncome": "None", "depreciation": "None", "depreciationAndAmortization": "270000000", "incomeBeforeTax": "131000000", "incomeTaxExpense": "48000000", "interestAndDebtExpense": "None", "netIncomeFromContinuingOperations": "179000000", "comprehensiveIncomeNetOfTax": "None", "ebit": "250000000", "ebitda": "520000000", "netIncome": "83000000"}, {"fiscalDateEnding": "2013-03-31", "reportedCurrency": "USD", "grossProfit": "385000000", "totalRevenue": "1100000000", "costOfRevenue": "715000000", "costofGoodsAndServicesSold": "715000000", "operatingIncome": "149000000", "sellingGeneralAndAdministrative": "160000000", "researchAndDevelopment": "0", "operatingExpenses": "224000000", "investmentIncomeNet": "None", "netInterestIncome": "None", "interestIncome": "None", "interestExpense": "120000000", "nonInterestIncome": "None", "otherNonOperatingIncome": "None", "depreciation": "None", "depreciationAndAmortization": "266000000", "incomeBeforeTax": "30000000", "incomeTaxExpense": "9000000", "interestAndDebtExpense": "None", "netIncomeFromContinuingOperations": "0", "comprehensiveIncomeNetOfTax": "None", "ebit": "150000000", "ebitda": "416000000", "netIncome": "21000000"}, {"fiscalDateEnding": "2012-12-31", "reportedCurrency": "USD", "grossProfit": "495000000", "totalRevenue": "1249000000", "costOfRevenue": "754000000", "costofGoodsAndServicesSold": "754000000", "operatingIncome": "236000000", "sellingGeneralAndAdministrative": "176000000", "researchAndDevelopment": "0", "operatingExpenses": "240000000", "investmentIncomeNet": "None", "netInterestIncome": "None", "interestIncome": "None", "interestExpense": "197000000", "nonInterestIncome": "None", "otherNonOperatingIncome": "None", "depreciation": "None", "depreciationAndAmortization": "272000000", "incomeBeforeTax": "39000000", "incomeTaxExpense": "-2000000", "interestAndDebtExpense": "None", "netIncomeFromContinuingOperations": "0", "comprehensiveIncomeNetOfTax": "None", "ebit": "236000000", "ebitda": "508000000", "netIncome": "41000000"}, {"fiscalDateEnding": "2012-09-30", "reportedCurrency": "USD", "grossProfit": "505000000", "totalRevenue": "1219000000", "costOfRevenue": "714000000", "costofGoodsAndServicesSold": "714000000", "operatingIncome": "222000000", "sellingGeneralAndAdministrative": "164000000", "researchAndDevelopment": "0", "operatingExpenses": "235000000", "investmentIncomeNet": "None", "netInterestIncome": "None", "interestIncome": "None", "interestExpense": "128000000", "nonInterestIncome": "None", "otherNonOperatingIncome": "None", "depreciation": "None", "depreciationAndAmortization": "71000000", "incomeBeforeTax": "94000000", "incomeTaxExpense": "21000000", "interestAndDebtExpense": "None", "netIncomeFromContinuingOperations": "0", "comprehensiveIncomeNetOfTax": "None", "ebit": "426000000", "ebitda": "497000000", "netIncome": "73000000"}, {"fiscalDateEnding": "2012-06-30", "reportedCurrency": "USD", "grossProfit": "374000000", "totalRevenue": "993000000", "costOfRevenue": "619000000", "costofGoodsAndServicesSold": "619000000", "operatingIncome": "46000000", "sellingGeneralAndAdministrative": "146000000", "researchAndDevelopment": "0", "operatingExpenses": "195000000", "investmentIncomeNet": "None", "netInterestIncome": "None", "interestIncome": "None", "interestExpense": "122000000", "nonInterestIncome": "None", "otherNonOperatingIncome": "None", "depreciation": "None", "depreciationAndAmortization": "221000000", "incomeBeforeTax": "-64000000", "incomeTaxExpense": "-12000000", "interestAndDebtExpense": "None", "netIncomeFromContinuingOperations": "0", "comprehensiveIncomeNetOfTax": "None", "ebit": "58000000", "ebitda": "279000000", "netIncome": "-52000000"}, {"fiscalDateEnding": "2012-03-31", "reportedCurrency": "USD", "grossProfit": "213000000", "totalRevenue": "656000000", "costOfRevenue": "443000000", "costofGoodsAndServicesSold": "443000000", "operatingIncome": "87000000", "sellingGeneralAndAdministrative": "102000000", "researchAndDevelopment": "0", "operatingExpenses": "116000000", "investmentIncomeNet": "None", "netInterestIncome": "None", "interestIncome": "None", "interestExpense": "87000000", "nonInterestIncome": "None", "otherNonOperatingIncome": "None", "depreciation": "None", "depreciationAndAmortization": "129000000", "incomeBeforeTax": "19000000", "incomeTaxExpense": "6000000", "interestAndDebtExpense": "None", "netIncomeFromContinuingOperations": "0", "comprehensiveIncomeNetOfTax": "None", "ebit": "88000000", "ebitda": "217000000", "netIncome": "13000000"}, {"fiscalDateEnding": "2011-12-31", "reportedCurrency": "USD", "grossProfit": "275000000", "totalRevenue": "746000000", "costOfRevenue": "471000000", "costofGoodsAndServicesSold": "471000000", "operatingIncome": "115000000", "sellingGeneralAndAdministrative": "109000000", "researchAndDevelopment": "0", "operatingExpenses": "127000000", "investmentIncomeNet": "None", "netInterestIncome": "None", "interestIncome": "None", "interestExpense": "123000000", "nonInterestIncome": "None", "otherNonOperatingIncome": "None", "depreciation": "None", "depreciationAndAmortization": "129000000", "incomeBeforeTax": "56000000", "incomeTaxExpense": "28000000", "interestAndDebtExpense": "None", "netIncomeFromContinuingOperations": "0", "comprehensiveIncomeNetOfTax": "None", "ebit": "148000000", "ebitda": "277000000", "netIncome": "29000000"}, {"fiscalDateEnding": "2011-09-30", "reportedCurrency": "USD", "grossProfit": "274000000", "totalRevenue": "713000000", "costOfRevenue": "439000000", "costofGoodsAndServicesSold": "439000000", "operatingIncome": "156000000", "sellingGeneralAndAdministrative": "103000000", "researchAndDevelopment": "0", "operatingExpenses": "116000000", "investmentIncomeNet": "None", "netInterestIncome": "None", "interestIncome": "None", "interestExpense": "58000000", "nonInterestIncome": "None", "otherNonOperatingIncome": "None", "depreciation": "None", "depreciationAndAmortization": "123000000", "incomeBeforeTax": "96000000", "incomeTaxExpense": "31000000", "interestAndDebtExpense": "None", "netIncomeFromContinuingOperations": "0", "comprehensiveIncomeNetOfTax": "None", "ebit": "158000000", "ebitda": "281000000", "netIncome": "65000000"}, {"fiscalDateEnding": "2011-06-30", "reportedCurrency": "USD", "grossProfit": "211000000", "totalRevenue": "629000000", "costOfRevenue": "418000000", "costofGoodsAndServicesSold": "418000000", "operatingIncome": "95000000", "sellingGeneralAndAdministrative": "100000000", "researchAndDevelopment": "0", "operatingExpenses": "114000000", "investmentIncomeNet": "None", "netInterestIncome": "None", "interestIncome": "None", "interestExpense": "59000000", "nonInterestIncome": "None", "otherNonOperatingIncome": "None", "depreciation": "None", "depreciationAndAmortization": "117000000", "incomeBeforeTax": "39000000", "incomeTaxExpense": "11000000", "interestAndDebtExpense": "None", "netIncomeFromContinuingOperations": "0", "comprehensiveIncomeNetOfTax": "None", "ebit": "98000000", "ebitda": "215000000", "netIncome": "27000000"}, {"fiscalDateEnding": "2011-03-31", "reportedCurrency": "USD", "grossProfit": "138000000", "totalRevenue": "523000000", "costOfRevenue": "385000000", "costofGoodsAndServicesSold": "385000000", "operatingIncome": "30000000", "sellingGeneralAndAdministrative": "95000000", "researchAndDevelopment": "0", "operatingExpenses": "107000000", "investmentIncomeNet": "None", "netInterestIncome": "None", "interestIncome": "None", "interestExpense": "58000000", "nonInterestIncome": "None", "otherNonOperatingIncome": "None", "depreciation": "None", "depreciationAndAmortization": "111000000", "incomeBeforeTax": "-27000000", "incomeTaxExpense": "-7000000", "interestAndDebtExpense": "None", "netIncomeFromContinuingOperations": "0", "comprehensiveIncomeNetOfTax": "None", "ebit": "31000000", "ebitda": "142000000", "netIncome": "-20000000"}, {"fiscalDateEnding": "2010-12-31", "reportedCurrency": "USD", "grossProfit": "175000000", "totalRevenue": "597000000", "costOfRevenue": "422000000", "costofGoodsAndServicesSold": "422000000", "operatingIncome": "47000000", "sellingGeneralAndAdministrative": "96000000", "researchAndDevelopment": "0", "operatingExpenses": "113000000", "investmentIncomeNet": "None", "netInterestIncome": "None", "interestIncome": "None", "interestExpense": "121000000", "nonInterestIncome": "None", "otherNonOperatingIncome": "None", "depreciation": "None", "depreciationAndAmortization": "117000000", "incomeBeforeTax": "-40000000", "incomeTaxExpense": "-23000000", "interestAndDebtExpense": "None", "netIncomeFromContinuingOperations": "0", "comprehensiveIncomeNetOfTax": "None", "ebit": "62000000", "ebitda": "179000000", "netIncome": "-21000000"}, {"fiscalDateEnding": "2010-09-30", "reportedCurrency": "USD", "grossProfit": "209000000", "totalRevenue": "605000000", "costOfRevenue": "396000000", "costofGoodsAndServicesSold": "396000000", "operatingIncome": "93000000", "sellingGeneralAndAdministrative": "95000000", "researchAndDevelopment": "0", "operatingExpenses": "109000000", "investmentIncomeNet": "None", "netInterestIncome": "None", "interestIncome": "None", "interestExpense": "67000000", "nonInterestIncome": "None", "otherNonOperatingIncome": "None", "depreciation": "None", "depreciationAndAmortization": "112000000", "incomeBeforeTax": "38000000", "incomeTaxExpense": "15000000", "interestAndDebtExpense": "None", "netIncomeFromContinuingOperations": "0", "comprehensiveIncomeNetOfTax": "None", "ebit": "100000000", "ebitda": "212000000", "netIncome": "23000000"}, {"fiscalDateEnding": "2010-06-30", "reportedCurrency": "USD", "grossProfit": "171000000", "totalRevenue": "557000000", "costOfRevenue": "386000000", "costofGoodsAndServicesSold": "386000000", "operatingIncome": "59000000", "sellingGeneralAndAdministrative": "90000000", "researchAndDevelopment": "0", "operatingExpenses": "106000000", "investmentIncomeNet": "None", "netInterestIncome": "None", "interestIncome": "None", "interestExpense": "68000000", "nonInterestIncome": "None", "otherNonOperatingIncome": "None", "depreciation": "None", "depreciationAndAmortization": "111000000", "incomeBeforeTax": "3000000", "incomeTaxExpense": "-9000000", "interestAndDebtExpense": "None", "netIncomeFromContinuingOperations": "0", "comprehensiveIncomeNetOfTax": "None", "ebit": "65000000", "ebitda": "176000000", "netIncome": "12000000"}, {"fiscalDateEnding": "2010-03-31", "reportedCurrency": "USD", "grossProfit": "103000000", "totalRevenue": "478000000", "costOfRevenue": "375000000", "costofGoodsAndServicesSold": "375000000", "operatingIncome": "-2000000", "sellingGeneralAndAdministrative": "86000000", "researchAndDevelopment": "0", "operatingExpenses": "99000000", "investmentIncomeNet": "None", "netInterestIncome": "None", "interestIncome": "None", "interestExpense": "63000000", "nonInterestIncome": "None", "otherNonOperatingIncome": "None", "depreciation": "None", "depreciationAndAmortization": "109000000", "incomeBeforeTax": "-64000000", "incomeTaxExpense": "-24000000", "interestAndDebtExpense": "None", "netIncomeFromContinuingOperations": "0", "comprehensiveIncomeNetOfTax": "None", "ebit": "4000000", "ebitda": "113000000", "netIncome": "-40000000"}, {"fiscalDateEnding": "2009-12-31", "reportedCurrency": "USD", "grossProfit": "145000000", "totalRevenue": "557000000", "costOfRevenue": "412000000", "costofGoodsAndServicesSold": "412000000", "operatingIncome": "24000000", "sellingGeneralAndAdministrative": "100000000", "researchAndDevelopment": "0", "operatingExpenses": "115000000", "investmentIncomeNet": "None", "netInterestIncome": "None", "interestIncome": "None", "interestExpense": "70000000", "nonInterestIncome": "None", "otherNonOperatingIncome": "None", "depreciation": "None", "depreciationAndAmortization": "116000000", "incomeBeforeTax": "-49000000", "incomeTaxExpense": "-25000000", "interestAndDebtExpense": "None", "netIncomeFromContinuingOperations": "0", "comprehensiveIncomeNetOfTax": "None", "ebit": "21000000", "ebitda": "137000000", "netIncome": "-26000000"}, {"fiscalDateEnding": "2009-09-30", "reportedCurrency": "USD", "grossProfit": "180000000", "totalRevenue": "592000000", "costOfRevenue": "412000000", "costofGoodsAndServicesSold": "412000000", "operatingIncome": "67000000", "sellingGeneralAndAdministrative": "99000000", "researchAndDevelopment": "0", "operatingExpenses": "112000000", "investmentIncomeNet": "None", "netInterestIncome": "None", "interestIncome": "None", "interestExpense": "64000000", "nonInterestIncome": "None", "otherNonOperatingIncome": "None", "depreciation": "None", "depreciationAndAmortization": "113000000", "incomeBeforeTax": "4000000", "incomeTaxExpense": "4000000", "interestAndDebtExpense": "None", "netIncomeFromContinuingOperations": "0", "comprehensiveIncomeNetOfTax": "None", "ebit": "68000000", "ebitda": "181000000", "netIncome": "0"}, {"fiscalDateEnding": "2009-06-30", "reportedCurrency": "USD", "grossProfit": "141000000", "totalRevenue": "615000000", "costOfRevenue": "474000000", "costofGoodsAndServicesSold": "474000000", "operatingIncome": "5000000", "sellingGeneralAndAdministrative": "101000000", "researchAndDevelopment": "0", "operatingExpenses": "116000000", "investmentIncomeNet": "None", "netInterestIncome": "None", "interestIncome": "None", "interestExpense": "52000000", "nonInterestIncome": "None", "otherNonOperatingIncome": "None", "depreciation": "None", "depreciationAndAmortization": "125000000", "incomeBeforeTax": "-29000000", "incomeTaxExpense": "-12000000", "interestAndDebtExpense": "None", "netIncomeFromContinuingOperations": "0", "comprehensiveIncomeNetOfTax": "None", "ebit": "25000000", "ebitda": "150000000", "netIncome": "-17000000"}, {"fiscalDateEnding": "2009-03-31", "reportedCurrency": "USD", "grossProfit": "144000000", "totalRevenue": "594000000", "costOfRevenue": "450000000", "costofGoodsAndServicesSold": "450000000", "operatingIncome": "18000000", "sellingGeneralAndAdministrative": "108000000", "researchAndDevelopment": "0", "operatingExpenses": "122000000", "investmentIncomeNet": "None", "netInterestIncome": "None", "interestIncome": "None", "interestExpense": "52000000", "nonInterestIncome": "None", "otherNonOperatingIncome": "None", "depreciation": "None", "depreciationAndAmortization": "120000000", "incomeBeforeTax": "-33000000", "incomeTaxExpense": "-14000000", "interestAndDebtExpense": "None", "netIncomeFromContinuingOperations": "0", "comprehensiveIncomeNetOfTax": "None", "ebit": "19000000", "ebitda": "139000000", "netIncome": "-19000000"}, {"fiscalDateEnding": "2008-12-31", "reportedCurrency": "USD", "grossProfit": "237000000", "totalRevenue": "791000000", "costOfRevenue": "554000000", "costofGoodsAndServicesSold": "554000000", "operatingIncome": "-1048000000", "sellingGeneralAndAdministrative": "138000000", "researchAndDevelopment": "0", "operatingExpenses": "138000000", "investmentIncomeNet": "None", "netInterestIncome": "None", "interestIncome": "None", "interestExpense": "1150000000", "nonInterestIncome": "None", "otherNonOperatingIncome": "None", "depreciation": "None", "depreciationAndAmortization": "124000000", "incomeBeforeTax": "-1065000000", "incomeTaxExpense": "-212000000", "interestAndDebtExpense": "None", "netIncomeFromContinuingOperations": "0", "comprehensiveIncomeNetOfTax": "None", "ebit": "-1048000000", "ebitda": "-924000000", "netIncome": "-853000000"}, {"fiscalDateEnding": "2008-09-30", "reportedCurrency": "USD", "grossProfit": "335000000", "totalRevenue": "873000000", "costOfRevenue": "538000000", "costofGoodsAndServicesSold": "538000000", "operatingIncome": "188000000", "sellingGeneralAndAdministrative": "133000000", "researchAndDevelopment": "0", "operatingExpenses": "147000000", "investmentIncomeNet": "None", "netInterestIncome": "None", "interestIncome": "None", "interestExpense": "70000000", "nonInterestIncome": "None", "otherNonOperatingIncome": "None", "depreciation": "None", "depreciationAndAmortization": "135000000", "incomeBeforeTax": "117000000", "incomeTaxExpense": "43000000", "interestAndDebtExpense": "None", "netIncomeFromContinuingOperations": "0", "comprehensiveIncomeNetOfTax": "None", "ebit": "193000000", "ebitda": "328000000", "netIncome": "74000000"}, {"fiscalDateEnding": "2008-06-30", "reportedCurrency": "USD", "grossProfit": "283000000", "totalRevenue": "831000000", "costOfRevenue": "548000000", "costofGoodsAndServicesSold": "548000000", "operatingIncome": "128000000", "sellingGeneralAndAdministrative": "140000000", "researchAndDevelopment": "0", "operatingExpenses": "155000000", "investmentIncomeNet": "None", "netInterestIncome": "None", "interestIncome": "None", "interestExpense": "53000000", "nonInterestIncome": "None", "otherNonOperatingIncome": "None", "depreciation": "None", "depreciationAndAmortization": "130000000", "incomeBeforeTax": "76000000", "incomeTaxExpense": "39000000", "interestAndDebtExpense": "None", "netIncomeFromContinuingOperations": "0", "comprehensiveIncomeNetOfTax": "None", "ebit": "125000000", "ebitda": "255000000", "netIncome": "37000000"}, {"fiscalDateEnding": "2008-03-31", "reportedCurrency": "USD", "grossProfit": "248000000", "totalRevenue": "772000000", "costOfRevenue": "524000000", "costofGoodsAndServicesSold": "524000000", "operatingIncome": "102000000", "sellingGeneralAndAdministrative": "131000000", "researchAndDevelopment": "0", "operatingExpenses": "146000000", "investmentIncomeNet": "None", "netInterestIncome": "None", "interestIncome": "None", "interestExpense": "43000000", "nonInterestIncome": "None", "otherNonOperatingIncome": "None", "depreciation": "None", "depreciationAndAmortization": "124000000", "incomeBeforeTax": "59000000", "incomeTaxExpense": "21000000", "interestAndDebtExpense": "None", "netIncomeFromContinuingOperations": "0", "comprehensiveIncomeNetOfTax": "None", "ebit": "102000000", "ebitda": "226000000", "netIncome": "38000000"}, {"fiscalDateEnding": "2007-12-31", "reportedCurrency": "USD", "grossProfit": "339000000", "totalRevenue": "930000000", "costOfRevenue": "591000000", "costofGoodsAndServicesSold": "591000000", "operatingIncome": "175000000", "sellingGeneralAndAdministrative": "148000000", "researchAndDevelopment": "0", "operatingExpenses": "164000000", "investmentIncomeNet": "None", "netInterestIncome": "None", "interestIncome": "None", "interestExpense": "173000000", "nonInterestIncome": "None", "otherNonOperatingIncome": "None", "depreciation": "None", "depreciationAndAmortization": "119000000", "incomeBeforeTax": "240000000", "incomeTaxExpense": "87000000", "interestAndDebtExpense": "None", "netIncomeFromContinuingOperations": "0", "comprehensiveIncomeNetOfTax": "None", "ebit": "175000000", "ebitda": "294000000", "netIncome": "153000000"}, {"fiscalDateEnding": "2007-09-30", "reportedCurrency": "USD", "grossProfit": "379000000", "totalRevenue": "994000000", "costOfRevenue": "615000000", "costofGoodsAndServicesSold": "615000000", "operatingIncome": "214000000", "sellingGeneralAndAdministrative": "152000000", "researchAndDevelopment": "0", "operatingExpenses": "165000000", "investmentIncomeNet": "None", "netInterestIncome": "None", "interestIncome": "None", "interestExpense": "37000000", "nonInterestIncome": "None", "otherNonOperatingIncome": "None", "depreciation": "None", "depreciationAndAmortization": "128000000", "incomeBeforeTax": "172000000", "incomeTaxExpense": "61000000", "interestAndDebtExpense": "None", "netIncomeFromContinuingOperations": "0", "comprehensiveIncomeNetOfTax": "None", "ebit": "216000000", "ebitda": "344000000", "netIncome": "112000000"}, {"fiscalDateEnding": "2007-06-30", "reportedCurrency": "USD", "grossProfit": "331000000", "totalRevenue": "966000000", "costOfRevenue": "635000000", "costofGoodsAndServicesSold": "635000000", "operatingIncome": "171000000", "sellingGeneralAndAdministrative": "147000000", "researchAndDevelopment": "0", "operatingExpenses": "160000000", "investmentIncomeNet": "None", "netInterestIncome": "None", "interestIncome": "None", "interestExpense": "52000000", "nonInterestIncome": "None", "otherNonOperatingIncome": "None", "depreciation": "None", "depreciationAndAmortization": "129000000", "incomeBeforeTax": "116000000", "incomeTaxExpense": "49000000", "interestAndDebtExpense": "None", "netIncomeFromContinuingOperations": "0", "comprehensiveIncomeNetOfTax": "None", "ebit": "172000000", "ebitda": "301000000", "netIncome": "67000000"}, {"fiscalDateEnding": "2007-03-31", "reportedCurrency": "USD", "grossProfit": "259000000", "totalRevenue": "841000000", "costOfRevenue": "582000000", "costofGoodsAndServicesSold": "582000000", "operatingIncome": "99000000", "sellingGeneralAndAdministrative": "148000000", "researchAndDevelopment": "0", "operatingExpenses": "160000000", "investmentIncomeNet": "None", "netInterestIncome": "None", "interestIncome": "None", "interestExpense": "51000000", "nonInterestIncome": "None", "otherNonOperatingIncome": "None", "depreciation": "None", "depreciationAndAmortization": "121000000", "incomeBeforeTax": "50000000", "incomeTaxExpense": "18000000", "interestAndDebtExpense": "None", "netIncomeFromContinuingOperations": "0", "comprehensiveIncomeNetOfTax": "None", "ebit": "99000000", "ebitda": "220000000", "netIncome": "30000000"}, {"fiscalDateEnding": "2006-12-31", "reportedCurrency": "USD", "grossProfit": "317000000", "totalRevenue": "730000000", "costOfRevenue": "413000000", "costofGoodsAndServicesSold": "413000000", "operatingIncome": "172000000", "sellingGeneralAndAdministrative": "133000000", "researchAndDevelopment": "0", "operatingExpenses": "145000000", "investmentIncomeNet": "None", "netInterestIncome": "None", "interestIncome": "None", "interestExpense": "75000000", "nonInterestIncome": "None", "otherNonOperatingIncome": "None", "depreciation": "None", "depreciationAndAmortization": "127000000", "incomeBeforeTax": "122000000", "incomeTaxExpense": "44000000", "interestAndDebtExpense": "None", "netIncomeFromContinuingOperations": "0", "comprehensiveIncomeNetOfTax": "None", "ebit": "172000000", "ebitda": "299000000", "netIncome": "53000000"}, {"fiscalDateEnding": "2006-09-30", "reportedCurrency": "USD", "grossProfit": "390000000", "totalRevenue": "1070000000", "costOfRevenue": "680000000", "costofGoodsAndServicesSold": "680000000", "operatingIncome": "216000000", "sellingGeneralAndAdministrative": "164000000", "researchAndDevelopment": "0", "operatingExpenses": "174000000", "investmentIncomeNet": "None", "netInterestIncome": "None", "interestIncome": "None", "interestExpense": "62000000", "nonInterestIncome": "None", "otherNonOperatingIncome": "None", "depreciation": "None", "depreciationAndAmortization": "132000000", "incomeBeforeTax": "154000000", "incomeTaxExpense": "59000000", "interestAndDebtExpense": "None", "netIncomeFromContinuingOperations": "0", "comprehensiveIncomeNetOfTax": "None", "ebit": "216000000", "ebitda": "348000000", "netIncome": "95000000"}, {"fiscalDateEnding": "2006-06-30", "reportedCurrency": "USD", "grossProfit": "338000000", "totalRevenue": "995000000", "costOfRevenue": "657000000", "costofGoodsAndServicesSold": "657000000", "operatingIncome": "150000000", "sellingGeneralAndAdministrative": "164000000", "researchAndDevelopment": "0", "operatingExpenses": "188000000", "investmentIncomeNet": "None", "netInterestIncome": "None", "interestIncome": "None", "interestExpense": "53000000", "nonInterestIncome": "None", "otherNonOperatingIncome": "None", "depreciation": "None", "depreciationAndAmortization": "128000000", "incomeBeforeTax": "96000000", "incomeTaxExpense": "40000000", "interestAndDebtExpense": "None", "netIncomeFromContinuingOperations": "0", "comprehensiveIncomeNetOfTax": "None", "ebit": "148000000", "ebitda": "276000000", "netIncome": "56000000"}, {"fiscalDateEnding": "2006-03-31", "reportedCurrency": "USD", "grossProfit": "353000000", "totalRevenue": "846000000", "costOfRevenue": "493000000", "costofGoodsAndServicesSold": "493000000", "operatingIncome": "88000000", "sellingGeneralAndAdministrative": "153000000", "researchAndDevelopment": "0", "operatingExpenses": "169000000", "investmentIncomeNet": "None", "netInterestIncome": "None", "interestIncome": "None", "interestExpense": "151000000", "nonInterestIncome": "None", "otherNonOperatingIncome": "None", "depreciation": "None", "depreciationAndAmortization": "116000000", "incomeBeforeTax": "33000000", "incomeTaxExpense": "13000000", "interestAndDebtExpense": "None", "netIncomeFromContinuingOperations": "0", "comprehensiveIncomeNetOfTax": "None", "ebit": "89000000", "ebitda": "205000000", "netIncome": "20000000"}, {"fiscalDateEnding": "2005-12-31", "reportedCurrency": "USD", "grossProfit": "426000000", "totalRevenue": "963000000", "costOfRevenue": "537000000", "costofGoodsAndServicesSold": "537000000", "operatingIncome": "134000000", "sellingGeneralAndAdministrative": "174000000", "researchAndDevelopment": "0", "operatingExpenses": "194000000", "investmentIncomeNet": "None", "netInterestIncome": "None", "interestIncome": "None", "interestExpense": "148000000", "nonInterestIncome": "None", "otherNonOperatingIncome": "None", "depreciation": "None", "depreciationAndAmortization": "120000000", "incomeBeforeTax": "83000000", "incomeTaxExpense": "34000000", "interestAndDebtExpense": "None", "netIncomeFromContinuingOperations": "0", "comprehensiveIncomeNetOfTax": "None", "ebit": "232000000", "ebitda": "352000000", "netIncome": "49000000"}]}