{"symbol": "NSC", "annualReports": [{"fiscalDateEnding": "2025-12-31", "reportedCurrency": "USD", "grossProfit": "5168000000", "totalRevenue": "12180000000", "costOfRevenue": "7012000000", "costofGoodsAndServicesSold": "7012000000", "operatingIncome": "4008000000", "sellingGeneralAndAdministrative": "753000000", "researchAndDevelopment": "None", "operatingExpenses": "1160000000", "investmentIncomeNet": "None", "netInterestIncome": "-792000000", "interestIncome": "772000000", "interestExpense": "792000000", "nonInterestIncome": "None", "otherNonOperatingIncome": "None", "depreciation": "None", "depreciationAndAmortization": "1393000000", "incomeBeforeTax": "3665000000", "incomeTaxExpense": "792000000", "interestAndDebtExpense": "None", "netIncomeFromContinuingOperations": "2873000000", "comprehensiveIncomeNetOfTax": "None", "ebit": "4457000000", "ebitda": "5850000000", "netIncome": "2873000000"}, {"fiscalDateEnding": "2024-12-31", "reportedCurrency": "USD", "grossProfit": "3764000000", "totalRevenue": "12123000000", "costOfRevenue": "8359000000", "costofGoodsAndServicesSold": "8359000000", "operatingIncome": "3764000000", "sellingGeneralAndAdministrative": "-120000000", "researchAndDevelopment": "None", "operatingExpenses": "472000000", "investmentIncomeNet": "None", "netInterestIncome": "-807000000", "interestIncome": "790000000", "interestExpense": "807000000", "nonInterestIncome": "None", "otherNonOperatingIncome": "None", "depreciation": "None", "depreciationAndAmortization": "1353000000", "incomeBeforeTax": "3329000000", "incomeTaxExpense": "707000000", "interestAndDebtExpense": "None", "netIncomeFromContinuingOperations": "2622000000", "comprehensiveIncomeNetOfTax": "None", "ebit": "4136000000", "ebitda": "5489000000", "netIncome": "2622000000"}, {"fiscalDateEnding": "2023-12-31", "reportedCurrency": "USD", "grossProfit": "6097000000", "totalRevenue": "12156000000", "costOfRevenue": "6059000000", "costofGoodsAndServicesSold": "6059000000", "operatingIncome": "2851000000", "sellingGeneralAndAdministrative": "65000000", "researchAndDevelopment": "None", "operatingExpenses": "9305000000", "investmentIncomeNet": "None", "netInterestIncome": "-704000000", "interestIncome": "657000000", "interestExpense": "722000000", "nonInterestIncome": "None", "otherNonOperatingIncome": "None", "depreciation": "None", "depreciationAndAmortization": "1298000000", "incomeBeforeTax": "2320000000", "incomeTaxExpense": "493000000", "interestAndDebtExpense": "None", "netIncomeFromContinuingOperations": "2090000000", "comprehensiveIncomeNetOfTax": "None", "ebit": "2851000000", "ebitda": "2851000000", "netIncome": "1827000000"}, {"fiscalDateEnding": "2022-12-31", "reportedCurrency": "USD", "grossProfit": "4733000000", "totalRevenue": "12745000000", "costOfRevenue": "8012000000", "costofGoodsAndServicesSold": "8012000000", "operatingIncome": "4733000000", "sellingGeneralAndAdministrative": "-126000000", "researchAndDevelopment": "None", "operatingExpenses": "713000000", "investmentIncomeNet": "None", "netInterestIncome": "-692000000", "interestIncome": "692000000", "interestExpense": "692000000", "nonInterestIncome": "None", "otherNonOperatingIncome": "13000000", "depreciation": "None", "depreciationAndAmortization": "1221000000", "incomeBeforeTax": "4130000000", "incomeTaxExpense": "860000000", "interestAndDebtExpense": "None", "netIncomeFromContinuingOperations": "3270000000", "comprehensiveIncomeNetOfTax": "None", "ebit": "4822000000", "ebitda": "6043000000", "netIncome": "3270000000"}, {"fiscalDateEnding": "2021-12-31", "reportedCurrency": "USD", "grossProfit": "4365000000", "totalRevenue": "11142000000", "costOfRevenue": "6777000000", "costofGoodsAndServicesSold": "6777000000", "operatingIncome": "4365000000", "sellingGeneralAndAdministrative": "102000000", "researchAndDevelopment": "None", "operatingExpenses": "547000000", "investmentIncomeNet": "None", "netInterestIncome": "-646000000", "interestIncome": "646000000", "interestExpense": "646000000", "nonInterestIncome": "None", "otherNonOperatingIncome": "77000000", "depreciation": "None", "depreciationAndAmortization": "1181000000", "incomeBeforeTax": "3878000000", "incomeTaxExpense": "873000000", "interestAndDebtExpense": "None", "netIncomeFromContinuingOperations": "3005000000", "comprehensiveIncomeNetOfTax": "None", "ebit": "4524000000", "ebitda": "5705000000", "netIncome": "3005000000"}, {"fiscalDateEnding": "2020-12-31", "reportedCurrency": "USD", "grossProfit": "3397000000", "totalRevenue": "9789000000", "costOfRevenue": "6392000000", "costofGoodsAndServicesSold": "6392000000", "operatingIncome": "3397000000", "sellingGeneralAndAdministrative": "91000000", "researchAndDevelopment": "None", "operatingExpenses": "653000000", "investmentIncomeNet": "None", "netInterestIncome": "-625000000", "interestIncome": "625000000", "interestExpense": "625000000", "nonInterestIncome": "None", "otherNonOperatingIncome": "153000000", "depreciation": "None", "depreciationAndAmortization": "1154000000", "incomeBeforeTax": "2530000000", "incomeTaxExpense": "517000000", "interestAndDebtExpense": "None", "netIncomeFromContinuingOperations": "2013000000", "comprehensiveIncomeNetOfTax": "None", "ebit": "3155000000", "ebitda": "4309000000", "netIncome": "2013000000"}, {"fiscalDateEnding": "2019-12-31", "reportedCurrency": "USD", "grossProfit": "3893000000", "totalRevenue": "11296000000", "costOfRevenue": "7403000000", "costofGoodsAndServicesSold": "7403000000", "operatingIncome": "3893000000", "sellingGeneralAndAdministrative": "63000000", "researchAndDevelopment": "None", "operatingExpenses": "740000000", "investmentIncomeNet": "None", "netInterestIncome": "-604000000", "interestIncome": "604000000", "interestExpense": "604000000", "nonInterestIncome": "None", "otherNonOperatingIncome": "106000000", "depreciation": "None", "depreciationAndAmortization": "1138000000", "incomeBeforeTax": "3491000000", "incomeTaxExpense": "769000000", "interestAndDebtExpense": "None", "netIncomeFromContinuingOperations": "2722000000", "comprehensiveIncomeNetOfTax": "None", "ebit": "4095000000", "ebitda": "5233000000", "netIncome": "2722000000"}, {"fiscalDateEnding": "2018-12-31", "reportedCurrency": "USD", "grossProfit": "3959000000", "totalRevenue": "11458000000", "costOfRevenue": "7499000000", "costofGoodsAndServicesSold": "7499000000", "operatingIncome": "3959000000", "sellingGeneralAndAdministrative": "61000000", "researchAndDevelopment": "0", "operatingExpenses": "655000000", "investmentIncomeNet": "None", "netInterestIncome": "-557000000", "interestIncome": "557000000", "interestExpense": "557000000", "nonInterestIncome": "None", "otherNonOperatingIncome": "67000000", "depreciation": "None", "depreciationAndAmortization": "1102000000", "incomeBeforeTax": "3469000000", "incomeTaxExpense": "803000000", "interestAndDebtExpense": "None", "netIncomeFromContinuingOperations": "2666000000", "comprehensiveIncomeNetOfTax": "None", "ebit": "4026000000", "ebitda": "5128000000", "netIncome": "2666000000"}, {"fiscalDateEnding": "2017-12-31", "reportedCurrency": "USD", "grossProfit": "3522000000", "totalRevenue": "10551000000", "costOfRevenue": "7029000000", "costofGoodsAndServicesSold": "7029000000", "operatingIncome": "3522000000", "sellingGeneralAndAdministrative": "112000000", "researchAndDevelopment": "0", "operatingExpenses": "741000000", "investmentIncomeNet": "None", "netInterestIncome": "-554000000", "interestIncome": "13000000", "interestExpense": "550000000", "nonInterestIncome": "None", "otherNonOperatingIncome": "92000000", "depreciation": "None", "depreciationAndAmortization": "1055000000", "incomeBeforeTax": "3128000000", "incomeTaxExpense": "-2276000000", "interestAndDebtExpense": "None", "netIncomeFromContinuingOperations": "5404000000", "comprehensiveIncomeNetOfTax": "None", "ebit": "3678000000", "ebitda": "4733000000", "netIncome": "5404000000"}, {"fiscalDateEnding": "2016-12-31", "reportedCurrency": "USD", "grossProfit": "3070000000", "totalRevenue": "9888000000", "costOfRevenue": "6818000000", "costofGoodsAndServicesSold": "6818000000", "operatingIncome": "3070000000", "sellingGeneralAndAdministrative": "20000000", "researchAndDevelopment": "0", "operatingExpenses": "799000000", "investmentIncomeNet": "None", "netInterestIncome": "-559000000", "interestIncome": "10000000", "interestExpense": "569000000", "nonInterestIncome": "None", "otherNonOperatingIncome": "71000000", "depreciation": "None", "depreciationAndAmortization": "1061000000", "incomeBeforeTax": "2582000000", "incomeTaxExpense": "914000000", "interestAndDebtExpense": "None", "netIncomeFromContinuingOperations": "1668000000", "comprehensiveIncomeNetOfTax": "None", "ebit": "3151000000", "ebitda": "4212000000", "netIncome": "1668000000"}, {"fiscalDateEnding": "2015-12-31", "reportedCurrency": "USD", "grossProfit": "2879000000", "totalRevenue": "10511000000", "costOfRevenue": "7632000000", "costofGoodsAndServicesSold": "7632000000", "operatingIncome": "2879000000", "sellingGeneralAndAdministrative": "138000000", "researchAndDevelopment": "0", "operatingExpenses": "976000000", "investmentIncomeNet": "None", "netInterestIncome": "None", "interestIncome": "541000000", "interestExpense": "545000000", "nonInterestIncome": "None", "otherNonOperatingIncome": "None", "depreciation": "None", "depreciationAndAmortization": "1059000000", "incomeBeforeTax": "2442000000", "incomeTaxExpense": "886000000", "interestAndDebtExpense": "None", "netIncomeFromContinuingOperations": "1556000000", "comprehensiveIncomeNetOfTax": "None", "ebit": "3031000000", "ebitda": "4090000000", "netIncome": "1556000000"}, {"fiscalDateEnding": "2014-12-31", "reportedCurrency": "USD", "grossProfit": "3570000000", "totalRevenue": "11624000000", "costOfRevenue": "8054000000", "costofGoodsAndServicesSold": "8054000000", "operatingIncome": "3570000000", "sellingGeneralAndAdministrative": "111000000", "researchAndDevelopment": "0", "operatingExpenses": "940000000", "investmentIncomeNet": "None", "netInterestIncome": "None", "interestIncome": "None", "interestExpense": "557000000", "nonInterestIncome": "None", "otherNonOperatingIncome": "None", "depreciation": "None", "depreciationAndAmortization": "956000000", "incomeBeforeTax": "3134000000", "incomeTaxExpense": "1134000000", "interestAndDebtExpense": "None", "netIncomeFromContinuingOperations": "2000000000", "comprehensiveIncomeNetOfTax": "None", "ebit": "3691000000", "ebitda": "4647000000", "netIncome": "2000000000"}, {"fiscalDateEnding": "2013-12-31", "reportedCurrency": "USD", "grossProfit": "3251000000", "totalRevenue": "11245000000", "costOfRevenue": "7994000000", "costofGoodsAndServicesSold": "7994000000", "operatingIncome": "3251000000", "sellingGeneralAndAdministrative": "65000000", "researchAndDevelopment": "0", "operatingExpenses": "828000000", "investmentIncomeNet": "None", "netInterestIncome": "None", "interestIncome": "None", "interestExpense": "537000000", "nonInterestIncome": "None", "otherNonOperatingIncome": "233000000", "depreciation": "None", "depreciationAndAmortization": "922000000", "incomeBeforeTax": "2965000000", "incomeTaxExpense": "1055000000", "interestAndDebtExpense": "None", "netIncomeFromContinuingOperations": "1910000000", "comprehensiveIncomeNetOfTax": "None", "ebit": "3502000000", "ebitda": "4424000000", "netIncome": "1910000000"}, {"fiscalDateEnding": "2012-12-31", "reportedCurrency": "USD", "grossProfit": "3118000000", "totalRevenue": "11040000000", "costOfRevenue": "7922000000", "costofGoodsAndServicesSold": "7922000000", "operatingIncome": "3118000000", "sellingGeneralAndAdministrative": "117000000", "researchAndDevelopment": "0", "operatingExpenses": "859000000", "investmentIncomeNet": "None", "netInterestIncome": "None", "interestIncome": "None", "interestExpense": "504000000", "nonInterestIncome": "None", "otherNonOperatingIncome": "129000000", "depreciation": "None", "depreciationAndAmortization": "922000000", "incomeBeforeTax": "2758000000", "incomeTaxExpense": "1009000000", "interestAndDebtExpense": "None", "netIncomeFromContinuingOperations": "1749000000", "comprehensiveIncomeNetOfTax": "None", "ebit": "3253000000", "ebitda": "4175000000", "netIncome": "1749000000"}, {"fiscalDateEnding": "2011-12-31", "reportedCurrency": "USD", "grossProfit": "3206000000", "totalRevenue": "11172000000", "costOfRevenue": "7966000000", "costofGoodsAndServicesSold": "7966000000", "operatingIncome": "3206000000", "sellingGeneralAndAdministrative": "2974000000", "researchAndDevelopment": "0", "operatingExpenses": "3836000000", "investmentIncomeNet": "None", "netInterestIncome": "None", "interestIncome": "None", "interestExpense": "455000000", "nonInterestIncome": "None", "otherNonOperatingIncome": "160000000", "depreciation": "None", "depreciationAndAmortization": "869000000", "incomeBeforeTax": "2918000000", "incomeTaxExpense": "1002000000", "interestAndDebtExpense": "None", "netIncomeFromContinuingOperations": "1916000000", "comprehensiveIncomeNetOfTax": "None", "ebit": "3373000000", "ebitda": "4242000000", "netIncome": "1916000000"}, {"fiscalDateEnding": "2010-12-31", "reportedCurrency": "USD", "grossProfit": "2669000000", "totalRevenue": "9516000000", "costOfRevenue": "6847000000", "costofGoodsAndServicesSold": "6847000000", "operatingIncome": "2669000000", "sellingGeneralAndAdministrative": "2708000000", "researchAndDevelopment": "0", "operatingExpenses": "3527000000", "investmentIncomeNet": "None", "netInterestIncome": "None", "interestIncome": "None", "interestExpense": "462000000", "nonInterestIncome": "None", "otherNonOperatingIncome": "153000000", "depreciation": "None", "depreciationAndAmortization": "826000000", "incomeBeforeTax": "2367000000", "incomeTaxExpense": "871000000", "interestAndDebtExpense": "None", "netIncomeFromContinuingOperations": "1496000000", "comprehensiveIncomeNetOfTax": "None", "ebit": "2845000000", "ebitda": "3671000000", "netIncome": "1496000000"}, {"fiscalDateEnding": "2009-12-31", "reportedCurrency": "USD", "grossProfit": "1962000000", "totalRevenue": "7969000000", "costOfRevenue": "6007000000", "costofGoodsAndServicesSold": "6007000000", "operatingIncome": "1962000000", "sellingGeneralAndAdministrative": "2401000000", "researchAndDevelopment": "0", "operatingExpenses": "3238000000", "investmentIncomeNet": "None", "netInterestIncome": "None", "interestIncome": "None", "interestExpense": "467000000", "nonInterestIncome": "None", "otherNonOperatingIncome": "127000000", "depreciation": "None", "depreciationAndAmortization": "845000000", "incomeBeforeTax": "1622000000", "incomeTaxExpense": "588000000", "interestAndDebtExpense": "None", "netIncomeFromContinuingOperations": "1034000000", "comprehensiveIncomeNetOfTax": "None", "ebit": "2094000000", "ebitda": "2939000000", "netIncome": "1034000000"}, {"fiscalDateEnding": "2008-12-31", "reportedCurrency": "USD", "grossProfit": "3084000000", "totalRevenue": "10661000000", "costOfRevenue": "7577000000", "costofGoodsAndServicesSold": "7577000000", "operatingIncome": "3084000000", "sellingGeneralAndAdministrative": "2684000000", "researchAndDevelopment": "None", "operatingExpenses": "4340000000", "investmentIncomeNet": "None", "netInterestIncome": "None", "interestIncome": "None", "interestExpense": "444000000", "nonInterestIncome": "None", "otherNonOperatingIncome": "None", "depreciation": "None", "depreciationAndAmortization": "815000000", "incomeBeforeTax": "2750000000", "incomeTaxExpense": "1034000000", "interestAndDebtExpense": "None", "netIncomeFromContinuingOperations": "None", "comprehensiveIncomeNetOfTax": "None", "ebit": "3194000000", "ebitda": "4009000000", "netIncome": "1716000000"}, {"fiscalDateEnding": "2007-12-31", "reportedCurrency": "USD", "grossProfit": "2574000000", "totalRevenue": "9432000000", "costOfRevenue": "6858000000", "costofGoodsAndServicesSold": "6858000000", "operatingIncome": "2574000000", "sellingGeneralAndAdministrative": "2552000000", "researchAndDevelopment": "None", "operatingExpenses": "3327000000", "investmentIncomeNet": "None", "netInterestIncome": "None", "interestIncome": "None", "interestExpense": "441000000", "nonInterestIncome": "None", "otherNonOperatingIncome": "None", "depreciation": "None", "depreciationAndAmortization": "786000000", "incomeBeforeTax": "2237000000", "incomeTaxExpense": "773000000", "interestAndDebtExpense": "None", "netIncomeFromContinuingOperations": "None", "comprehensiveIncomeNetOfTax": "None", "ebit": "2705000000", "ebitda": "3491000000", "netIncome": "1464000000"}, {"fiscalDateEnding": "2006-12-31", "reportedCurrency": "USD", "grossProfit": "2557000000", "totalRevenue": "9407000000", "costOfRevenue": "6850000000", "costofGoodsAndServicesSold": "6850000000", "operatingIncome": "2557000000", "sellingGeneralAndAdministrative": "3203000000", "researchAndDevelopment": "None", "operatingExpenses": "4198000000", "investmentIncomeNet": "None", "netInterestIncome": "None", "interestIncome": "None", "interestExpense": "0", "nonInterestIncome": "None", "otherNonOperatingIncome": "None", "depreciation": "None", "depreciationAndAmortization": "750000000", "incomeBeforeTax": "2230000000", "incomeTaxExpense": "749000000", "interestAndDebtExpense": "None", "netIncomeFromContinuingOperations": "None", "comprehensiveIncomeNetOfTax": "None", "ebit": "2723000000", "ebitda": "3473000000", "netIncome": "1481000000"}], "quarterlyReports": [{"fiscalDateEnding": "2025-12-31", "reportedCurrency": "USD", "grossProfit": "2097000000", "totalRevenue": "2974000000", "costOfRevenue": "877000000", "costofGoodsAndServicesSold": "877000000", "operatingIncome": "937000000", "sellingGeneralAndAdministrative": "753000000", "researchAndDevelopment": "None", "operatingExpenses": "1160000000", "investmentIncomeNet": "None", "netInterestIncome": "-195000000", "interestIncome": "175000000", "interestExpense": "195000000", "nonInterestIncome": "None", "otherNonOperatingIncome": "None", "depreciation": "None", "depreciationAndAmortization": "353000000", "incomeBeforeTax": "765000000", "incomeTaxExpense": "121000000", "interestAndDebtExpense": "None", "netIncomeFromContinuingOperations": "644000000", "comprehensiveIncomeNetOfTax": "None", "ebit": "960000000", "ebitda": "1313000000", "netIncome": "644000000"}, {"fiscalDateEnding": "2025-09-30", "reportedCurrency": "USD", "grossProfit": "1029000000", "totalRevenue": "3103000000", "costOfRevenue": "2074000000", "costofGoodsAndServicesSold": "2074000000", "operatingIncome": "1029000000", "sellingGeneralAndAdministrative": "105000000", "researchAndDevelopment": "None", "operatingExpenses": "1914000000", "investmentIncomeNet": "None", "netInterestIncome": "-197000000", "interestIncome": "197000000", "interestExpense": "197000000", "nonInterestIncome": "None", "otherNonOperatingIncome": "None", "depreciation": "None", "depreciationAndAmortization": "348000000", "incomeBeforeTax": "924000000", "incomeTaxExpense": "213000000", "interestAndDebtExpense": "None", "netIncomeFromContinuingOperations": "711000000", "comprehensiveIncomeNetOfTax": "None", "ebit": "1121000000", "ebitda": "1469000000", "netIncome": "711000000"}, {"fiscalDateEnding": "2025-06-30", "reportedCurrency": "USD", "grossProfit": "1104000000", "totalRevenue": "3110000000", "costOfRevenue": "2006000000", "costofGoodsAndServicesSold": "2006000000", "operatingIncome": "1104000000", "sellingGeneralAndAdministrative": "111000000", "researchAndDevelopment": "None", "operatingExpenses": "1935000000", "investmentIncomeNet": "None", "netInterestIncome": "-201000000", "interestIncome": "201000000", "interestExpense": "201000000", "nonInterestIncome": "None", "otherNonOperatingIncome": "None", "depreciation": "None", "depreciationAndAmortization": "346000000", "incomeBeforeTax": "998000000", "incomeTaxExpense": "230000000", "interestAndDebtExpense": "None", "netIncomeFromContinuingOperations": "768000000", "comprehensiveIncomeNetOfTax": "None", "ebit": "1199000000", "ebitda": "1545000000", "netIncome": "768000000"}, {"fiscalDateEnding": "2025-03-31", "reportedCurrency": "USD", "grossProfit": "938000000", "totalRevenue": "2993000000", "costOfRevenue": "2055000000", "costofGoodsAndServicesSold": "2055000000", "operatingIncome": "938000000", "sellingGeneralAndAdministrative": "97000000", "researchAndDevelopment": "None", "operatingExpenses": "105000000", "investmentIncomeNet": "None", "netInterestIncome": "-199000000", "interestIncome": "199000000", "interestExpense": "199000000", "nonInterestIncome": "None", "otherNonOperatingIncome": "None", "depreciation": "None", "depreciationAndAmortization": "346000000", "incomeBeforeTax": "978000000", "incomeTaxExpense": "228000000", "interestAndDebtExpense": "None", "netIncomeFromContinuingOperations": "750000000", "comprehensiveIncomeNetOfTax": "None", "ebit": "1177000000", "ebitda": "1523000000", "netIncome": "750000000"}, {"fiscalDateEnding": "2024-12-31", "reportedCurrency": "USD", "grossProfit": "1093000000", "totalRevenue": "3024000000", "costOfRevenue": "1931000000", "costofGoodsAndServicesSold": "1931000000", "operatingIncome": "1093000000", "sellingGeneralAndAdministrative": "96000000", "researchAndDevelopment": "None", "operatingExpenses": "50000000", "investmentIncomeNet": "None", "netInterestIncome": "-199000000", "interestIncome": "182000000", "interestExpense": "199000000", "nonInterestIncome": "None", "otherNonOperatingIncome": "None", "depreciation": "None", "depreciationAndAmortization": "342000000", "incomeBeforeTax": "928000000", "incomeTaxExpense": "195000000", "interestAndDebtExpense": "None", "netIncomeFromContinuingOperations": "733000000", "comprehensiveIncomeNetOfTax": "None", "ebit": "1127000000", "ebitda": "1469000000", "netIncome": "733000000"}, {"fiscalDateEnding": "2024-09-30", "reportedCurrency": "USD", "grossProfit": "1256000000", "totalRevenue": "3051000000", "costOfRevenue": "1795000000", "costofGoodsAndServicesSold": "1795000000", "operatingIncome": "1256000000", "sellingGeneralAndAdministrative": "92000000", "researchAndDevelopment": "None", "operatingExpenses": "-383000000", "investmentIncomeNet": "None", "netInterestIncome": "-203000000", "interestIncome": "203000000", "interestExpense": "203000000", "nonInterestIncome": "None", "otherNonOperatingIncome": "None", "depreciation": "None", "depreciationAndAmortization": "339000000", "incomeBeforeTax": "1427000000", "incomeTaxExpense": "328000000", "interestAndDebtExpense": "None", "netIncomeFromContinuingOperations": "1099000000", "comprehensiveIncomeNetOfTax": "None", "ebit": "1630000000", "ebitda": "1969000000", "netIncome": "1099000000"}, {"fiscalDateEnding": "2024-06-30", "reportedCurrency": "USD", "grossProfit": "1103000000", "totalRevenue": "3044000000", "costOfRevenue": "1941000000", "costofGoodsAndServicesSold": "1941000000", "operatingIncome": "1103000000", "sellingGeneralAndAdministrative": "None", "researchAndDevelopment": "None", "operatingExpenses": "13000000", "investmentIncomeNet": "None", "netInterestIncome": "-204000000", "interestIncome": "None", "interestExpense": "204000000", "nonInterestIncome": "None", "otherNonOperatingIncome": "None", "depreciation": "None", "depreciationAndAmortization": "335000000", "incomeBeforeTax": "944000000", "incomeTaxExpense": "207000000", "interestAndDebtExpense": "None", "netIncomeFromContinuingOperations": "737000000", "comprehensiveIncomeNetOfTax": "None", "ebit": "1148000000", "ebitda": "1483000000", "netIncome": "737000000"}, {"fiscalDateEnding": "2024-03-31", "reportedCurrency": "USD", "grossProfit": "312000000", "totalRevenue": "3004000000", "costOfRevenue": "2692000000", "costofGoodsAndServicesSold": "2692000000", "operatingIncome": "312000000", "sellingGeneralAndAdministrative": "None", "researchAndDevelopment": "None", "operatingExpenses": "808000000", "investmentIncomeNet": "None", "netInterestIncome": "-201000000", "interestIncome": "None", "interestExpense": "201000000", "nonInterestIncome": "None", "otherNonOperatingIncome": "None", "depreciation": "None", "depreciationAndAmortization": "337000000", "incomeBeforeTax": "30000000", "incomeTaxExpense": "-23000000", "interestAndDebtExpense": "None", "netIncomeFromContinuingOperations": "53000000", "comprehensiveIncomeNetOfTax": "None", "ebit": "231000000", "ebitda": "568000000", "netIncome": "53000000"}, {"fiscalDateEnding": "2023-12-31", "reportedCurrency": "USD", "grossProfit": "795000000", "totalRevenue": "3073000000", "costOfRevenue": "2278000000", "costofGoodsAndServicesSold": "2278000000", "operatingIncome": "795000000", "sellingGeneralAndAdministrative": "None", "researchAndDevelopment": "None", "operatingExpenses": "6673000000", "investmentIncomeNet": "None", "netInterestIncome": "-195000000", "interestIncome": "None", "interestExpense": "195000000", "nonInterestIncome": "None", "otherNonOperatingIncome": "None", "depreciation": "None", "depreciationAndAmortization": "330000000", "incomeBeforeTax": "651000000", "incomeTaxExpense": "124000000", "interestAndDebtExpense": "None", "netIncomeFromContinuingOperations": "527000000", "comprehensiveIncomeNetOfTax": "None", "ebit": "846000000", "ebitda": "1176000000", "netIncome": "527000000"}, {"fiscalDateEnding": "2023-09-30", "reportedCurrency": "USD", "grossProfit": "748000000", "totalRevenue": "2971000000", "costOfRevenue": "2223000000", "costofGoodsAndServicesSold": "2223000000", "operatingIncome": "748000000", "sellingGeneralAndAdministrative": "91000000", "researchAndDevelopment": "None", "operatingExpenses": "2215000000", "investmentIncomeNet": "None", "netInterestIncome": "-182000000", "interestIncome": "182000000", "interestExpense": "182000000", "nonInterestIncome": "None", "otherNonOperatingIncome": "None", "depreciation": "None", "depreciationAndAmortization": "326000000", "incomeBeforeTax": "614000000", "incomeTaxExpense": "136000000", "interestAndDebtExpense": "None", "netIncomeFromContinuingOperations": "478000000", "comprehensiveIncomeNetOfTax": "None", "ebit": "796000000", "ebitda": "1122000000", "netIncome": "478000000"}, {"fiscalDateEnding": "2023-06-30", "reportedCurrency": "USD", "grossProfit": "557000000", "totalRevenue": "2980000000", "costOfRevenue": "2423000000", "costofGoodsAndServicesSold": "2423000000", "operatingIncome": "557000000", "sellingGeneralAndAdministrative": "1314000000", "researchAndDevelopment": "None", "operatingExpenses": "205000000", "investmentIncomeNet": "None", "netInterestIncome": "-170000000", "interestIncome": "170000000", "interestExpense": "170000000", "nonInterestIncome": "None", "otherNonOperatingIncome": "57000000", "depreciation": "None", "depreciationAndAmortization": "321000000", "incomeBeforeTax": "463000000", "incomeTaxExpense": "107000000", "interestAndDebtExpense": "None", "netIncomeFromContinuingOperations": "356000000", "comprehensiveIncomeNetOfTax": "None", "ebit": "633000000", "ebitda": "954000000", "netIncome": "356000000"}, {"fiscalDateEnding": "2023-03-31", "reportedCurrency": "USD", "grossProfit": "708000000", "totalRevenue": "3132000000", "costOfRevenue": "2424000000", "costofGoodsAndServicesSold": "2424000000", "operatingIncome": "708000000", "sellingGeneralAndAdministrative": "1289000000", "researchAndDevelopment": "None", "operatingExpenses": "212000000", "investmentIncomeNet": "None", "netInterestIncome": "-175000000", "interestIncome": "175000000", "interestExpense": "175000000", "nonInterestIncome": "None", "otherNonOperatingIncome": "56000000", "depreciation": "None", "depreciationAndAmortization": "321000000", "incomeBeforeTax": "592000000", "incomeTaxExpense": "126000000", "interestAndDebtExpense": "None", "netIncomeFromContinuingOperations": "466000000", "comprehensiveIncomeNetOfTax": "None", "ebit": "767000000", "ebitda": "1088000000", "netIncome": "466000000"}, {"fiscalDateEnding": "2022-12-31", "reportedCurrency": "USD", "grossProfit": "1156000000", "totalRevenue": "3237000000", "costOfRevenue": "2081000000", "costofGoodsAndServicesSold": "2081000000", "operatingIncome": "1156000000", "sellingGeneralAndAdministrative": "860000000", "researchAndDevelopment": "None", "operatingExpenses": "207000000", "investmentIncomeNet": "None", "netInterestIncome": "-177000000", "interestIncome": "177000000", "interestExpense": "177000000", "nonInterestIncome": "None", "otherNonOperatingIncome": "34000000", "depreciation": "None", "depreciationAndAmortization": "309000000", "incomeBeforeTax": "1038000000", "incomeTaxExpense": "248000000", "interestAndDebtExpense": "None", "netIncomeFromContinuingOperations": "790000000", "comprehensiveIncomeNetOfTax": "None", "ebit": "1215000000", "ebitda": "1524000000", "netIncome": "790000000"}, {"fiscalDateEnding": "2022-09-30", "reportedCurrency": "USD", "grossProfit": "1255000000", "totalRevenue": "3343000000", "costOfRevenue": "2088000000", "costofGoodsAndServicesSold": "2088000000", "operatingIncome": "1255000000", "sellingGeneralAndAdministrative": "898000000", "researchAndDevelopment": "None", "operatingExpenses": "22000000", "investmentIncomeNet": "None", "netInterestIncome": "-177000000", "interestIncome": "177000000", "interestExpense": "177000000", "nonInterestIncome": "None", "otherNonOperatingIncome": "-2000000", "depreciation": "None", "depreciationAndAmortization": "306000000", "incomeBeforeTax": "1093000000", "incomeTaxExpense": "135000000", "interestAndDebtExpense": "None", "netIncomeFromContinuingOperations": "958000000", "comprehensiveIncomeNetOfTax": "None", "ebit": "1270000000", "ebitda": "1576000000", "netIncome": "958000000"}, {"fiscalDateEnding": "2022-06-30", "reportedCurrency": "USD", "grossProfit": "1243000000", "totalRevenue": "3250000000", "costOfRevenue": "2007000000", "costofGoodsAndServicesSold": "2007000000", "operatingIncome": "1243000000", "sellingGeneralAndAdministrative": "786000000", "researchAndDevelopment": "None", "operatingExpenses": "38000000", "investmentIncomeNet": "None", "netInterestIncome": "-170000000", "interestIncome": "170000000", "interestExpense": "170000000", "nonInterestIncome": "None", "otherNonOperatingIncome": "-14000000", "depreciation": "None", "depreciationAndAmortization": "304000000", "incomeBeforeTax": "1087000000", "incomeTaxExpense": "268000000", "interestAndDebtExpense": "None", "netIncomeFromContinuingOperations": "819000000", "comprehensiveIncomeNetOfTax": "None", "ebit": "1257000000", "ebitda": "1561000000", "netIncome": "819000000"}, {"fiscalDateEnding": "2022-03-31", "reportedCurrency": "USD", "grossProfit": "1079000000", "totalRevenue": "2915000000", "costOfRevenue": "1836000000", "costofGoodsAndServicesSold": "1836000000", "operatingIncome": "1079000000", "sellingGeneralAndAdministrative": "790000000", "researchAndDevelopment": "None", "operatingExpenses": "60000000", "investmentIncomeNet": "None", "netInterestIncome": "-168000000", "interestIncome": "168000000", "interestExpense": "168000000", "nonInterestIncome": "None", "otherNonOperatingIncome": "-5000000", "depreciation": "None", "depreciationAndAmortization": "302000000", "incomeBeforeTax": "912000000", "incomeTaxExpense": "209000000", "interestAndDebtExpense": "None", "netIncomeFromContinuingOperations": "703000000", "comprehensiveIncomeNetOfTax": "None", "ebit": "1080000000", "ebitda": "1382000000", "netIncome": "703000000"}, {"fiscalDateEnding": "2021-12-31", "reportedCurrency": "USD", "grossProfit": "1123000000", "totalRevenue": "2852000000", "costOfRevenue": "1729000000", "costofGoodsAndServicesSold": "1729000000", "operatingIncome": "1123000000", "sellingGeneralAndAdministrative": "727000000", "researchAndDevelopment": "None", "operatingExpenses": "129000000", "investmentIncomeNet": "None", "netInterestIncome": "-165000000", "interestIncome": "165000000", "interestExpense": "165000000", "nonInterestIncome": "None", "otherNonOperatingIncome": "21000000", "depreciation": "None", "depreciationAndAmortization": "298000000", "incomeBeforeTax": "985000000", "incomeTaxExpense": "225000000", "interestAndDebtExpense": "None", "netIncomeFromContinuingOperations": "760000000", "comprehensiveIncomeNetOfTax": "None", "ebit": "1150000000", "ebitda": "1448000000", "netIncome": "760000000"}, {"fiscalDateEnding": "2021-09-30", "reportedCurrency": "USD", "grossProfit": "1131000000", "totalRevenue": "2852000000", "costOfRevenue": "1721000000", "costofGoodsAndServicesSold": "1721000000", "operatingIncome": "1131000000", "sellingGeneralAndAdministrative": "77000000", "researchAndDevelopment": "None", "operatingExpenses": "43000000", "investmentIncomeNet": "None", "netInterestIncome": "-164000000", "interestIncome": "164000000", "interestExpense": "164000000", "nonInterestIncome": "None", "otherNonOperatingIncome": "14000000", "depreciation": "None", "depreciationAndAmortization": "297000000", "incomeBeforeTax": "986000000", "incomeTaxExpense": "233000000", "interestAndDebtExpense": "None", "netIncomeFromContinuingOperations": "753000000", "comprehensiveIncomeNetOfTax": "None", "ebit": "1150000000", "ebitda": "1447000000", "netIncome": "753000000"}, {"fiscalDateEnding": "2021-06-30", "reportedCurrency": "USD", "grossProfit": "1100000000", "totalRevenue": "2799000000", "costOfRevenue": "1699000000", "costofGoodsAndServicesSold": "1699000000", "operatingIncome": "1100000000", "sellingGeneralAndAdministrative": "77000000", "researchAndDevelopment": "None", "operatingExpenses": "-7000000", "investmentIncomeNet": "None", "netInterestIncome": "-161000000", "interestIncome": "161000000", "interestExpense": "161000000", "nonInterestIncome": "None", "otherNonOperatingIncome": "35000000", "depreciation": "None", "depreciationAndAmortization": "294000000", "incomeBeforeTax": "1041000000", "incomeTaxExpense": "222000000", "interestAndDebtExpense": "None", "netIncomeFromContinuingOperations": "819000000", "comprehensiveIncomeNetOfTax": "None", "ebit": "1202000000", "ebitda": "1496000000", "netIncome": "819000000"}, {"fiscalDateEnding": "2021-03-31", "reportedCurrency": "USD", "grossProfit": "1011000000", "totalRevenue": "2639000000", "costOfRevenue": "1628000000", "costofGoodsAndServicesSold": "1628000000", "operatingIncome": "1011000000", "sellingGeneralAndAdministrative": "762000000", "researchAndDevelopment": "None", "operatingExpenses": "52000000", "investmentIncomeNet": "None", "netInterestIncome": "-156000000", "interestIncome": "156000000", "interestExpense": "156000000", "nonInterestIncome": "None", "otherNonOperatingIncome": "7000000", "depreciation": "None", "depreciationAndAmortization": "292000000", "incomeBeforeTax": "866000000", "incomeTaxExpense": "193000000", "interestAndDebtExpense": "None", "netIncomeFromContinuingOperations": "673000000", "comprehensiveIncomeNetOfTax": "None", "ebit": "1022000000", "ebitda": "1314000000", "netIncome": "673000000"}, {"fiscalDateEnding": "2020-12-31", "reportedCurrency": "USD", "grossProfit": "984000000", "totalRevenue": "2573000000", "costOfRevenue": "1589000000", "costofGoodsAndServicesSold": "1589000000", "operatingIncome": "984000000", "sellingGeneralAndAdministrative": "740000000", "researchAndDevelopment": "None", "operatingExpenses": "153000000", "investmentIncomeNet": "None", "netInterestIncome": "-160000000", "interestIncome": "160000000", "interestExpense": "160000000", "nonInterestIncome": "None", "otherNonOperatingIncome": "43000000", "depreciation": "None", "depreciationAndAmortization": "287000000", "incomeBeforeTax": "867000000", "incomeTaxExpense": "196000000", "interestAndDebtExpense": "None", "netIncomeFromContinuingOperations": "671000000", "comprehensiveIncomeNetOfTax": "None", "ebit": "1027000000", "ebitda": "1314000000", "netIncome": "671000000"}, {"fiscalDateEnding": "2020-09-30", "reportedCurrency": "USD", "grossProfit": "840000000", "totalRevenue": "2506000000", "costOfRevenue": "1666000000", "costofGoodsAndServicesSold": "1666000000", "operatingIncome": "840000000", "sellingGeneralAndAdministrative": "761000000", "researchAndDevelopment": "None", "operatingExpenses": "52000000", "investmentIncomeNet": "None", "netInterestIncome": "-155000000", "interestIncome": "155000000", "interestExpense": "155000000", "nonInterestIncome": "None", "otherNonOperatingIncome": "39000000", "depreciation": "None", "depreciationAndAmortization": "293000000", "incomeBeforeTax": "724000000", "incomeTaxExpense": "155000000", "interestAndDebtExpense": "None", "netIncomeFromContinuingOperations": "569000000", "comprehensiveIncomeNetOfTax": "None", "ebit": "879000000", "ebitda": "1172000000", "netIncome": "569000000"}, {"fiscalDateEnding": "2020-06-30", "reportedCurrency": "USD", "grossProfit": "610000000", "totalRevenue": "2085000000", "costOfRevenue": "1475000000", "costofGoodsAndServicesSold": "1475000000", "operatingIncome": "610000000", "sellingGeneralAndAdministrative": "737000000", "researchAndDevelopment": "None", "operatingExpenses": "49000000", "investmentIncomeNet": "None", "netInterestIncome": "-156000000", "interestIncome": "156000000", "interestExpense": "156000000", "nonInterestIncome": "None", "otherNonOperatingIncome": "49000000", "depreciation": "None", "depreciationAndAmortization": "282000000", "incomeBeforeTax": "503000000", "incomeTaxExpense": "111000000", "interestAndDebtExpense": "None", "netIncomeFromContinuingOperations": "392000000", "comprehensiveIncomeNetOfTax": "None", "ebit": "659000000", "ebitda": "941000000", "netIncome": "392000000"}, {"fiscalDateEnding": "2020-03-31", "reportedCurrency": "USD", "grossProfit": "953000000", "totalRevenue": "2625000000", "costOfRevenue": "1672000000", "costofGoodsAndServicesSold": "1672000000", "operatingIncome": "953000000", "sellingGeneralAndAdministrative": "1173000000", "researchAndDevelopment": "None", "operatingExpenses": "52000000", "investmentIncomeNet": "None", "netInterestIncome": "-154000000", "interestIncome": "154000000", "interestExpense": "154000000", "nonInterestIncome": "None", "otherNonOperatingIncome": "22000000", "depreciation": "None", "depreciationAndAmortization": "292000000", "incomeBeforeTax": "436000000", "incomeTaxExpense": "55000000", "interestAndDebtExpense": "None", "netIncomeFromContinuingOperations": "381000000", "comprehensiveIncomeNetOfTax": "None", "ebit": "590000000", "ebitda": "882000000", "netIncome": "381000000"}, {"fiscalDateEnding": "2019-12-31", "reportedCurrency": "USD", "grossProfit": "962000000", "totalRevenue": "2690000000", "costOfRevenue": "1728000000", "costofGoodsAndServicesSold": "1728000000", "operatingIncome": "962000000", "sellingGeneralAndAdministrative": "147000000", "researchAndDevelopment": "None", "operatingExpenses": "130000000", "investmentIncomeNet": "None", "netInterestIncome": "-152000000", "interestIncome": "152000000", "interestExpense": "152000000", "nonInterestIncome": "None", "otherNonOperatingIncome": "18000000", "depreciation": "None", "depreciationAndAmortization": "285000000", "incomeBeforeTax": "828000000", "incomeTaxExpense": "162000000", "interestAndDebtExpense": "None", "netIncomeFromContinuingOperations": "666000000", "comprehensiveIncomeNetOfTax": "None", "ebit": "980000000", "ebitda": "1265000000", "netIncome": "666000000"}, {"fiscalDateEnding": "2019-09-30", "reportedCurrency": "USD", "grossProfit": "964000000", "totalRevenue": "2841000000", "costOfRevenue": "1877000000", "costofGoodsAndServicesSold": "1877000000", "operatingIncome": "964000000", "sellingGeneralAndAdministrative": "48000000", "researchAndDevelopment": "None", "operatingExpenses": "95000000", "investmentIncomeNet": "None", "netInterestIncome": "-150000000", "interestIncome": "150000000", "interestExpense": "150000000", "nonInterestIncome": "None", "otherNonOperatingIncome": "22000000", "depreciation": "None", "depreciationAndAmortization": "287000000", "incomeBeforeTax": "868000000", "incomeTaxExpense": "211000000", "interestAndDebtExpense": "None", "netIncomeFromContinuingOperations": "657000000", "comprehensiveIncomeNetOfTax": "None", "ebit": "1017000000", "ebitda": "1304000000", "netIncome": "657000000"}, {"fiscalDateEnding": "2019-06-30", "reportedCurrency": "USD", "grossProfit": "1065000000", "totalRevenue": "2925000000", "costOfRevenue": "1860000000", "costofGoodsAndServicesSold": "1860000000", "operatingIncome": "1065000000", "sellingGeneralAndAdministrative": "50000000", "researchAndDevelopment": "None", "operatingExpenses": "60000000", "investmentIncomeNet": "None", "netInterestIncome": "-153000000", "interestIncome": "153000000", "interestExpense": "153000000", "nonInterestIncome": "None", "otherNonOperatingIncome": "22000000", "depreciation": "None", "depreciationAndAmortization": "284000000", "incomeBeforeTax": "934000000", "incomeTaxExpense": "212000000", "interestAndDebtExpense": "None", "netIncomeFromContinuingOperations": "722000000", "comprehensiveIncomeNetOfTax": "None", "ebit": "1087000000", "ebitda": "1371000000", "netIncome": "722000000"}, {"fiscalDateEnding": "2019-03-31", "reportedCurrency": "USD", "grossProfit": "966000000", "totalRevenue": "2840000000", "costOfRevenue": "1874000000", "costofGoodsAndServicesSold": "1874000000", "operatingIncome": "966000000", "sellingGeneralAndAdministrative": "49000000", "researchAndDevelopment": "None", "operatingExpenses": "190000000", "investmentIncomeNet": "None", "netInterestIncome": "-149000000", "interestIncome": "None", "interestExpense": "149000000", "nonInterestIncome": "None", "otherNonOperatingIncome": "44000000", "depreciation": "None", "depreciationAndAmortization": "283000000", "incomeBeforeTax": "861000000", "incomeTaxExpense": "184000000", "interestAndDebtExpense": "None", "netIncomeFromContinuingOperations": "677000000", "comprehensiveIncomeNetOfTax": "None", "ebit": "1010000000", "ebitda": "1293000000", "netIncome": "677000000"}, {"fiscalDateEnding": "2018-12-31", "reportedCurrency": "USD", "grossProfit": "1078000000", "totalRevenue": "2896000000", "costOfRevenue": "1818000000", "costofGoodsAndServicesSold": "1818000000", "operatingIncome": "1078000000", "sellingGeneralAndAdministrative": "45000000", "researchAndDevelopment": "0", "operatingExpenses": "56000000", "investmentIncomeNet": "None", "netInterestIncome": "None", "interestIncome": "None", "interestExpense": "148000000", "nonInterestIncome": "None", "otherNonOperatingIncome": "None", "depreciation": "None", "depreciationAndAmortization": "282000000", "incomeBeforeTax": "930000000", "incomeTaxExpense": "228000000", "interestAndDebtExpense": "None", "netIncomeFromContinuingOperations": "702000000", "comprehensiveIncomeNetOfTax": "None", "ebit": "1077000000", "ebitda": "1359000000", "netIncome": "702000000"}, {"fiscalDateEnding": "2018-09-30", "reportedCurrency": "USD", "grossProfit": "1020000000", "totalRevenue": "2947000000", "costOfRevenue": "1927000000", "costofGoodsAndServicesSold": "1927000000", "operatingIncome": "1020000000", "sellingGeneralAndAdministrative": "46000000", "researchAndDevelopment": "0", "operatingExpenses": "61000000", "investmentIncomeNet": "None", "netInterestIncome": "None", "interestIncome": "None", "interestExpense": "142000000", "nonInterestIncome": "None", "otherNonOperatingIncome": "30000000", "depreciation": "None", "depreciationAndAmortization": "276000000", "incomeBeforeTax": "908000000", "incomeTaxExpense": "206000000", "interestAndDebtExpense": "None", "netIncomeFromContinuingOperations": "702000000", "comprehensiveIncomeNetOfTax": "None", "ebit": "1050000000", "ebitda": "1326000000", "netIncome": "702000000"}, {"fiscalDateEnding": "2018-06-30", "reportedCurrency": "USD", "grossProfit": "1026000000", "totalRevenue": "2898000000", "costOfRevenue": "1872000000", "costofGoodsAndServicesSold": "1872000000", "operatingIncome": "1026000000", "sellingGeneralAndAdministrative": "38000000", "researchAndDevelopment": "0", "operatingExpenses": "61000000", "investmentIncomeNet": "None", "netInterestIncome": "None", "interestIncome": "None", "interestExpense": "131000000", "nonInterestIncome": "None", "otherNonOperatingIncome": "29000000", "depreciation": "None", "depreciationAndAmortization": "274000000", "incomeBeforeTax": "924000000", "incomeTaxExpense": "214000000", "interestAndDebtExpense": "None", "netIncomeFromContinuingOperations": "710000000", "comprehensiveIncomeNetOfTax": "None", "ebit": "1054000000", "ebitda": "1328000000", "netIncome": "710000000"}, {"fiscalDateEnding": "2018-03-31", "reportedCurrency": "USD", "grossProfit": "835000000", "totalRevenue": "2717000000", "costOfRevenue": "1882000000", "costofGoodsAndServicesSold": "1882000000", "operatingIncome": "835000000", "sellingGeneralAndAdministrative": "47000000", "researchAndDevelopment": "0", "operatingExpenses": "206000000", "investmentIncomeNet": "None", "netInterestIncome": "None", "interestIncome": "None", "interestExpense": "136000000", "nonInterestIncome": "None", "otherNonOperatingIncome": "8000000", "depreciation": "None", "depreciationAndAmortization": "272000000", "incomeBeforeTax": "707000000", "incomeTaxExpense": "155000000", "interestAndDebtExpense": "None", "netIncomeFromContinuingOperations": "552000000", "comprehensiveIncomeNetOfTax": "None", "ebit": "843000000", "ebitda": "1115000000", "netIncome": "552000000"}, {"fiscalDateEnding": "2017-12-31", "reportedCurrency": "USD", "grossProfit": "998000000", "totalRevenue": "2669000000", "costOfRevenue": "1671000000", "costofGoodsAndServicesSold": "1671000000", "operatingIncome": "998000000", "sellingGeneralAndAdministrative": "2000000", "researchAndDevelopment": "0", "operatingExpenses": "167000000", "investmentIncomeNet": "None", "netInterestIncome": "None", "interestIncome": "None", "interestExpense": "134000000", "nonInterestIncome": "None", "otherNonOperatingIncome": "13000000", "depreciation": "None", "depreciationAndAmortization": "268000000", "incomeBeforeTax": "893000000", "incomeTaxExpense": "-3075000000", "interestAndDebtExpense": "None", "netIncomeFromContinuingOperations": "3968000000", "comprehensiveIncomeNetOfTax": "None", "ebit": "1026000000", "ebitda": "1294000000", "netIncome": "3968000000"}, {"fiscalDateEnding": "2017-09-30", "reportedCurrency": "USD", "grossProfit": "895000000", "totalRevenue": "2670000000", "costOfRevenue": "1775000000", "costofGoodsAndServicesSold": "1775000000", "operatingIncome": "895000000", "sellingGeneralAndAdministrative": "39000000", "researchAndDevelopment": "0", "operatingExpenses": "40000000", "investmentIncomeNet": "None", "netInterestIncome": "None", "interestIncome": "None", "interestExpense": "134000000", "nonInterestIncome": "None", "otherNonOperatingIncome": "23000000", "depreciation": "None", "depreciationAndAmortization": "266000000", "incomeBeforeTax": "800000000", "incomeTaxExpense": "294000000", "interestAndDebtExpense": "None", "netIncomeFromContinuingOperations": "506000000", "comprehensiveIncomeNetOfTax": "None", "ebit": "932000000", "ebitda": "1198000000", "netIncome": "506000000"}, {"fiscalDateEnding": "2017-06-30", "reportedCurrency": "USD", "grossProfit": "872000000", "totalRevenue": "2637000000", "costOfRevenue": "1765000000", "costofGoodsAndServicesSold": "1765000000", "operatingIncome": "872000000", "sellingGeneralAndAdministrative": "35000000", "researchAndDevelopment": "0", "operatingExpenses": "78000000", "investmentIncomeNet": "None", "netInterestIncome": "None", "interestIncome": "None", "interestExpense": "140000000", "nonInterestIncome": "None", "otherNonOperatingIncome": "32000000", "depreciation": "None", "depreciationAndAmortization": "265000000", "incomeBeforeTax": "780000000", "incomeTaxExpense": "283000000", "interestAndDebtExpense": "None", "netIncomeFromContinuingOperations": "497000000", "comprehensiveIncomeNetOfTax": "None", "ebit": "919000000", "ebitda": "1184000000", "netIncome": "497000000"}, {"fiscalDateEnding": "2017-03-31", "reportedCurrency": "USD", "grossProfit": "773000000", "totalRevenue": "2575000000", "costOfRevenue": "1802000000", "costofGoodsAndServicesSold": "1802000000", "operatingIncome": "773000000", "sellingGeneralAndAdministrative": "40000000", "researchAndDevelopment": "0", "operatingExpenses": "78000000", "investmentIncomeNet": "None", "netInterestIncome": "None", "interestIncome": "None", "interestExpense": "142000000", "nonInterestIncome": "None", "otherNonOperatingIncome": "24000000", "depreciation": "None", "depreciationAndAmortization": "260000000", "incomeBeforeTax": "655000000", "incomeTaxExpense": "222000000", "interestAndDebtExpense": "None", "netIncomeFromContinuingOperations": "433000000", "comprehensiveIncomeNetOfTax": "None", "ebit": "797000000", "ebitda": "1057000000", "netIncome": "433000000"}, {"fiscalDateEnding": "2016-12-31", "reportedCurrency": "USD", "grossProfit": "761000000", "totalRevenue": "2490000000", "costOfRevenue": "1729000000", "costofGoodsAndServicesSold": "1729000000", "operatingIncome": "761000000", "sellingGeneralAndAdministrative": "49000000", "researchAndDevelopment": "0", "operatingExpenses": "215000000", "investmentIncomeNet": "None", "netInterestIncome": "None", "interestIncome": "None", "interestExpense": "142000000", "nonInterestIncome": "None", "otherNonOperatingIncome": "22000000", "depreciation": "None", "depreciationAndAmortization": "260000000", "incomeBeforeTax": "641000000", "incomeTaxExpense": "225000000", "interestAndDebtExpense": "None", "netIncomeFromContinuingOperations": "416000000", "comprehensiveIncomeNetOfTax": "None", "ebit": "782000000", "ebitda": "1042000000", "netIncome": "416000000"}, {"fiscalDateEnding": "2016-09-30", "reportedCurrency": "USD", "grossProfit": "820000000", "totalRevenue": "2524000000", "costOfRevenue": "1704000000", "costofGoodsAndServicesSold": "1704000000", "operatingIncome": "820000000", "sellingGeneralAndAdministrative": "36000000", "researchAndDevelopment": "0", "operatingExpenses": "50000000", "investmentIncomeNet": "None", "netInterestIncome": "None", "interestIncome": "None", "interestExpense": "144000000", "nonInterestIncome": "None", "otherNonOperatingIncome": "29000000", "depreciation": "None", "depreciationAndAmortization": "259000000", "incomeBeforeTax": "705000000", "incomeTaxExpense": "245000000", "interestAndDebtExpense": "None", "netIncomeFromContinuingOperations": "460000000", "comprehensiveIncomeNetOfTax": "None", "ebit": "849000000", "ebitda": "1108000000", "netIncome": "460000000"}, {"fiscalDateEnding": "2016-06-30", "reportedCurrency": "USD", "grossProfit": "881000000", "totalRevenue": "2454000000", "costOfRevenue": "1573000000", "costofGoodsAndServicesSold": "1573000000", "operatingIncome": "770000000", "sellingGeneralAndAdministrative": "32000000", "researchAndDevelopment": "0", "operatingExpenses": "79000000", "investmentIncomeNet": "None", "netInterestIncome": "None", "interestIncome": "None", "interestExpense": "138000000", "nonInterestIncome": "None", "otherNonOperatingIncome": "4000000", "depreciation": "None", "depreciationAndAmortization": "258000000", "incomeBeforeTax": "636000000", "incomeTaxExpense": "231000000", "interestAndDebtExpense": "None", "netIncomeFromContinuingOperations": "405000000", "comprehensiveIncomeNetOfTax": "None", "ebit": "770000000", "ebitda": "1028000000", "netIncome": "405000000"}, {"fiscalDateEnding": "2016-03-31", "reportedCurrency": "USD", "grossProfit": "917000000", "totalRevenue": "2420000000", "costOfRevenue": "1503000000", "costofGoodsAndServicesSold": "1503000000", "operatingIncome": "723000000", "sellingGeneralAndAdministrative": "33000000", "researchAndDevelopment": "0", "operatingExpenses": "194000000", "investmentIncomeNet": "None", "netInterestIncome": "None", "interestIncome": "None", "interestExpense": "139000000", "nonInterestIncome": "None", "otherNonOperatingIncome": "16000000", "depreciation": "None", "depreciationAndAmortization": "253000000", "incomeBeforeTax": "600000000", "incomeTaxExpense": "213000000", "interestAndDebtExpense": "None", "netIncomeFromContinuingOperations": "387000000", "comprehensiveIncomeNetOfTax": "None", "ebit": "723000000", "ebitda": "976000000", "netIncome": "387000000"}, {"fiscalDateEnding": "2015-12-31", "reportedCurrency": "USD", "grossProfit": "895000000", "totalRevenue": "2518000000", "costOfRevenue": "1623000000", "costofGoodsAndServicesSold": "1623000000", "operatingIncome": "642000000", "sellingGeneralAndAdministrative": "49000000", "researchAndDevelopment": "0", "operatingExpenses": "253000000", "investmentIncomeNet": "None", "netInterestIncome": "None", "interestIncome": "None", "interestExpense": "142000000", "nonInterestIncome": "None", "otherNonOperatingIncome": "None", "depreciation": "None", "depreciationAndAmortization": "289000000", "incomeBeforeTax": "524000000", "incomeTaxExpense": "163000000", "interestAndDebtExpense": "None", "netIncomeFromContinuingOperations": "1556000000", "comprehensiveIncomeNetOfTax": "None", "ebit": "670000000", "ebitda": "959000000", "netIncome": "361000000"}, {"fiscalDateEnding": "2015-09-30", "reportedCurrency": "USD", "grossProfit": "947000000", "totalRevenue": "2713000000", "costOfRevenue": "1766000000", "costofGoodsAndServicesSold": "1766000000", "operatingIncome": "822000000", "sellingGeneralAndAdministrative": "27000000", "researchAndDevelopment": "0", "operatingExpenses": "98000000", "investmentIncomeNet": "None", "netInterestIncome": "None", "interestIncome": "None", "interestExpense": "137000000", "nonInterestIncome": "None", "otherNonOperatingIncome": "39000000", "depreciation": "None", "depreciationAndAmortization": "276000000", "incomeBeforeTax": "724000000", "incomeTaxExpense": "272000000", "interestAndDebtExpense": "None", "netIncomeFromContinuingOperations": "452000000", "comprehensiveIncomeNetOfTax": "None", "ebit": "822000000", "ebitda": "1098000000", "netIncome": "452000000"}, {"fiscalDateEnding": "2015-06-30", "reportedCurrency": "USD", "grossProfit": "932000000", "totalRevenue": "2713000000", "costOfRevenue": "1781000000", "costofGoodsAndServicesSold": "1781000000", "operatingIncome": "814000000", "sellingGeneralAndAdministrative": "26000000", "researchAndDevelopment": "0", "operatingExpenses": "92000000", "investmentIncomeNet": "None", "netInterestIncome": "None", "interestIncome": "None", "interestExpense": "134000000", "nonInterestIncome": "None", "otherNonOperatingIncome": "19000000", "depreciation": "None", "depreciationAndAmortization": "248000000", "incomeBeforeTax": "699000000", "incomeTaxExpense": "266000000", "interestAndDebtExpense": "None", "netIncomeFromContinuingOperations": "433000000", "comprehensiveIncomeNetOfTax": "None", "ebit": "814000000", "ebitda": "1062000000", "netIncome": "433000000"}, {"fiscalDateEnding": "2015-03-31", "reportedCurrency": "USD", "grossProfit": "730000000", "totalRevenue": "2567000000", "costOfRevenue": "1837000000", "costofGoodsAndServicesSold": "1837000000", "operatingIncome": "606000000", "sellingGeneralAndAdministrative": "36000000", "researchAndDevelopment": "0", "operatingExpenses": "88000000", "investmentIncomeNet": "None", "netInterestIncome": "None", "interestIncome": "None", "interestExpense": "132000000", "nonInterestIncome": "None", "otherNonOperatingIncome": "21000000", "depreciation": "None", "depreciationAndAmortization": "246000000", "incomeBeforeTax": "495000000", "incomeTaxExpense": "185000000", "interestAndDebtExpense": "None", "netIncomeFromContinuingOperations": "310000000", "comprehensiveIncomeNetOfTax": "None", "ebit": "606000000", "ebitda": "852000000", "netIncome": "310000000"}, {"fiscalDateEnding": "2014-12-31", "reportedCurrency": "USD", "grossProfit": "1117000000", "totalRevenue": "2870000000", "costOfRevenue": "1753000000", "costofGoodsAndServicesSold": "1753000000", "operatingIncome": "891000000", "sellingGeneralAndAdministrative": "4000000", "researchAndDevelopment": "0", "operatingExpenses": "226000000", "investmentIncomeNet": "None", "netInterestIncome": "None", "interestIncome": "None", "interestExpense": "120000000", "nonInterestIncome": "None", "otherNonOperatingIncome": "None", "depreciation": "None", "depreciationAndAmortization": "241000000", "incomeBeforeTax": "790000000", "incomeTaxExpense": "279000000", "interestAndDebtExpense": "None", "netIncomeFromContinuingOperations": "2000000000", "comprehensiveIncomeNetOfTax": "None", "ebit": "891000000", "ebitda": "1132000000", "netIncome": "511000000"}, {"fiscalDateEnding": "2014-09-30", "reportedCurrency": "USD", "grossProfit": "1116000000", "totalRevenue": "3023000000", "costOfRevenue": "1907000000", "costofGoodsAndServicesSold": "1907000000", "operatingIncome": "998000000", "sellingGeneralAndAdministrative": "35000000", "researchAndDevelopment": "0", "operatingExpenses": "83000000", "investmentIncomeNet": "None", "netInterestIncome": "None", "interestIncome": "None", "interestExpense": "138000000", "nonInterestIncome": "None", "otherNonOperatingIncome": "32000000", "depreciation": "None", "depreciationAndAmortization": "237000000", "incomeBeforeTax": "892000000", "incomeTaxExpense": "333000000", "interestAndDebtExpense": "None", "netIncomeFromContinuingOperations": "559000000", "comprehensiveIncomeNetOfTax": "None", "ebit": "998000000", "ebitda": "1235000000", "netIncome": "559000000"}, {"fiscalDateEnding": "2014-06-30", "reportedCurrency": "USD", "grossProfit": "1143000000", "totalRevenue": "3042000000", "costOfRevenue": "1899000000", "costofGoodsAndServicesSold": "1899000000", "operatingIncome": "1019000000", "sellingGeneralAndAdministrative": "42000000", "researchAndDevelopment": "0", "operatingExpenses": "82000000", "investmentIncomeNet": "None", "netInterestIncome": "None", "interestIncome": "None", "interestExpense": "139000000", "nonInterestIncome": "None", "otherNonOperatingIncome": "18000000", "depreciation": "None", "depreciationAndAmortization": "240000000", "incomeBeforeTax": "898000000", "incomeTaxExpense": "336000000", "interestAndDebtExpense": "None", "netIncomeFromContinuingOperations": "562000000", "comprehensiveIncomeNetOfTax": "None", "ebit": "1019000000", "ebitda": "1259000000", "netIncome": "562000000"}, {"fiscalDateEnding": "2014-03-31", "reportedCurrency": "USD", "grossProfit": "888000000", "totalRevenue": "2689000000", "costOfRevenue": "1801000000", "costofGoodsAndServicesSold": "1801000000", "operatingIncome": "667000000", "sellingGeneralAndAdministrative": "740000000", "researchAndDevelopment": "0", "operatingExpenses": "221000000", "investmentIncomeNet": "None", "netInterestIncome": "None", "interestIncome": "None", "interestExpense": "139000000", "nonInterestIncome": "None", "otherNonOperatingIncome": "26000000", "depreciation": "None", "depreciationAndAmortization": "238000000", "incomeBeforeTax": "554000000", "incomeTaxExpense": "186000000", "interestAndDebtExpense": "None", "netIncomeFromContinuingOperations": "368000000", "comprehensiveIncomeNetOfTax": "None", "ebit": "667000000", "ebitda": "905000000", "netIncome": "368000000"}, {"fiscalDateEnding": "2013-12-31", "reportedCurrency": "USD", "grossProfit": "1078000000", "totalRevenue": "2881000000", "costOfRevenue": "1803000000", "costofGoodsAndServicesSold": "1803000000", "operatingIncome": "881000000", "sellingGeneralAndAdministrative": "35000000", "researchAndDevelopment": "0", "operatingExpenses": "197000000", "investmentIncomeNet": "None", "netInterestIncome": "None", "interestIncome": "None", "interestExpense": "129000000", "nonInterestIncome": "None", "otherNonOperatingIncome": "39000000", "depreciation": "None", "depreciationAndAmortization": "235000000", "incomeBeforeTax": "783000000", "incomeTaxExpense": "270000000", "interestAndDebtExpense": "None", "netIncomeFromContinuingOperations": "513000000", "comprehensiveIncomeNetOfTax": "None", "ebit": "881000000", "ebitda": "1116000000", "netIncome": "513000000"}, {"fiscalDateEnding": "2013-09-30", "reportedCurrency": "USD", "grossProfit": "1049000000", "totalRevenue": "2824000000", "costOfRevenue": "1775000000", "costofGoodsAndServicesSold": "1775000000", "operatingIncome": "849000000", "sellingGeneralAndAdministrative": "735000000", "researchAndDevelopment": "0", "operatingExpenses": "200000000", "investmentIncomeNet": "None", "netInterestIncome": "None", "interestIncome": "None", "interestExpense": "131000000", "nonInterestIncome": "None", "otherNonOperatingIncome": "30000000", "depreciation": "None", "depreciationAndAmortization": "231000000", "incomeBeforeTax": "748000000", "incomeTaxExpense": "266000000", "interestAndDebtExpense": "None", "netIncomeFromContinuingOperations": "482000000", "comprehensiveIncomeNetOfTax": "None", "ebit": "849000000", "ebitda": "1080000000", "netIncome": "482000000"}, {"fiscalDateEnding": "2013-06-30", "reportedCurrency": "USD", "grossProfit": "1049000000", "totalRevenue": "2802000000", "costOfRevenue": "1753000000", "costofGoodsAndServicesSold": "1753000000", "operatingIncome": "836000000", "sellingGeneralAndAdministrative": "726000000", "researchAndDevelopment": "0", "operatingExpenses": "213000000", "investmentIncomeNet": "None", "netInterestIncome": "None", "interestIncome": "None", "interestExpense": "128000000", "nonInterestIncome": "None", "otherNonOperatingIncome": "29000000", "depreciation": "None", "depreciationAndAmortization": "228000000", "incomeBeforeTax": "737000000", "incomeTaxExpense": "272000000", "interestAndDebtExpense": "None", "netIncomeFromContinuingOperations": "465000000", "comprehensiveIncomeNetOfTax": "None", "ebit": "865000000", "ebitda": "1093000000", "netIncome": "465000000"}, {"fiscalDateEnding": "2013-03-31", "reportedCurrency": "USD", "grossProfit": "909000000", "totalRevenue": "2738000000", "costOfRevenue": "1829000000", "costofGoodsAndServicesSold": "1829000000", "operatingIncome": "691000000", "sellingGeneralAndAdministrative": "35000000", "researchAndDevelopment": "0", "operatingExpenses": "218000000", "investmentIncomeNet": "None", "netInterestIncome": "None", "interestIncome": "None", "interestExpense": "129000000", "nonInterestIncome": "None", "otherNonOperatingIncome": "135000000", "depreciation": "None", "depreciationAndAmortization": "228000000", "incomeBeforeTax": "697000000", "incomeTaxExpense": "247000000", "interestAndDebtExpense": "None", "netIncomeFromContinuingOperations": "450000000", "comprehensiveIncomeNetOfTax": "None", "ebit": "826000000", "ebitda": "1054000000", "netIncome": "450000000"}, {"fiscalDateEnding": "2012-12-31", "reportedCurrency": "USD", "grossProfit": "912000000", "totalRevenue": "2684000000", "costOfRevenue": "1772000000", "costofGoodsAndServicesSold": "1772000000", "operatingIncome": "714000000", "sellingGeneralAndAdministrative": "2117000000", "researchAndDevelopment": "0", "operatingExpenses": "198000000", "investmentIncomeNet": "None", "netInterestIncome": "None", "interestIncome": "None", "interestExpense": "129000000", "nonInterestIncome": "None", "otherNonOperatingIncome": "36000000", "depreciation": "None", "depreciationAndAmortization": "234000000", "incomeBeforeTax": "621000000", "incomeTaxExpense": "208000000", "interestAndDebtExpense": "None", "netIncomeFromContinuingOperations": "413000000", "comprehensiveIncomeNetOfTax": "None", "ebit": "759000000", "ebitda": "993000000", "netIncome": "413000000"}, {"fiscalDateEnding": "2012-09-30", "reportedCurrency": "USD", "grossProfit": "1685000000", "totalRevenue": "2693000000", "costOfRevenue": "1008000000", "costofGoodsAndServicesSold": "1008000000", "operatingIncome": "731000000", "sellingGeneralAndAdministrative": "724000000", "researchAndDevelopment": "0", "operatingExpenses": "954000000", "investmentIncomeNet": "None", "netInterestIncome": "None", "interestIncome": "None", "interestExpense": "124000000", "nonInterestIncome": "None", "otherNonOperatingIncome": "33000000", "depreciation": "None", "depreciationAndAmortization": "232000000", "incomeBeforeTax": "640000000", "incomeTaxExpense": "238000000", "interestAndDebtExpense": "None", "netIncomeFromContinuingOperations": "402000000", "comprehensiveIncomeNetOfTax": "None", "ebit": "764000000", "ebitda": "996000000", "netIncome": "402000000"}, {"fiscalDateEnding": "2012-06-30", "reportedCurrency": "USD", "grossProfit": "1887000000", "totalRevenue": "2874000000", "costOfRevenue": "987000000", "costofGoodsAndServicesSold": "987000000", "operatingIncome": "934000000", "sellingGeneralAndAdministrative": "724000000", "researchAndDevelopment": "0", "operatingExpenses": "953000000", "investmentIncomeNet": "None", "netInterestIncome": "None", "interestIncome": "None", "interestExpense": "122000000", "nonInterestIncome": "None", "otherNonOperatingIncome": "31000000", "depreciation": "None", "depreciationAndAmortization": "230000000", "incomeBeforeTax": "843000000", "incomeTaxExpense": "319000000", "interestAndDebtExpense": "None", "netIncomeFromContinuingOperations": "524000000", "comprehensiveIncomeNetOfTax": "None", "ebit": "965000000", "ebitda": "1195000000", "netIncome": "524000000"}, {"fiscalDateEnding": "2012-03-31", "reportedCurrency": "USD", "grossProfit": "1755000000", "totalRevenue": "2789000000", "costOfRevenue": "1034000000", "costofGoodsAndServicesSold": "1034000000", "operatingIncome": "745000000", "sellingGeneralAndAdministrative": "786000000", "researchAndDevelopment": "0", "operatingExpenses": "1010000000", "investmentIncomeNet": "None", "netInterestIncome": "None", "interestIncome": "None", "interestExpense": "120000000", "nonInterestIncome": "None", "otherNonOperatingIncome": "29000000", "depreciation": "None", "depreciationAndAmortization": "226000000", "incomeBeforeTax": "654000000", "incomeTaxExpense": "244000000", "interestAndDebtExpense": "None", "netIncomeFromContinuingOperations": "410000000", "comprehensiveIncomeNetOfTax": "None", "ebit": "774000000", "ebitda": "1000000000", "netIncome": "410000000"}, {"fiscalDateEnding": "2011-12-31", "reportedCurrency": "USD", "grossProfit": "1755000000", "totalRevenue": "2797000000", "costOfRevenue": "1042000000", "costofGoodsAndServicesSold": "1042000000", "operatingIncome": "800000000", "sellingGeneralAndAdministrative": "734000000", "researchAndDevelopment": "0", "operatingExpenses": "955000000", "investmentIncomeNet": "None", "netInterestIncome": "None", "interestIncome": "None", "interestExpense": "116000000", "nonInterestIncome": "None", "otherNonOperatingIncome": "39000000", "depreciation": "None", "depreciationAndAmortization": "223000000", "incomeBeforeTax": "723000000", "incomeTaxExpense": "243000000", "interestAndDebtExpense": "None", "netIncomeFromContinuingOperations": "480000000", "comprehensiveIncomeNetOfTax": "None", "ebit": "-30000000", "ebitda": "193000000", "netIncome": "480000000"}, {"fiscalDateEnding": "2011-09-30", "reportedCurrency": "USD", "grossProfit": "1891000000", "totalRevenue": "2889000000", "costOfRevenue": "998000000", "costofGoodsAndServicesSold": "998000000", "operatingIncome": "938000000", "sellingGeneralAndAdministrative": "736000000", "researchAndDevelopment": "0", "operatingExpenses": "953000000", "investmentIncomeNet": "None", "netInterestIncome": "None", "interestIncome": "None", "interestExpense": "114000000", "nonInterestIncome": "None", "otherNonOperatingIncome": "60000000", "depreciation": "None", "depreciationAndAmortization": "218000000", "incomeBeforeTax": "884000000", "incomeTaxExpense": "330000000", "interestAndDebtExpense": "None", "netIncomeFromContinuingOperations": "554000000", "comprehensiveIncomeNetOfTax": "None", "ebit": "998000000", "ebitda": "1216000000", "netIncome": "554000000"}, {"fiscalDateEnding": "2011-06-30", "reportedCurrency": "USD", "grossProfit": "1827000000", "totalRevenue": "2866000000", "costOfRevenue": "1039000000", "costofGoodsAndServicesSold": "1039000000", "operatingIncome": "875000000", "sellingGeneralAndAdministrative": "739000000", "researchAndDevelopment": "0", "operatingExpenses": "952000000", "investmentIncomeNet": "None", "netInterestIncome": "None", "interestIncome": "None", "interestExpense": "113000000", "nonInterestIncome": "None", "otherNonOperatingIncome": "34000000", "depreciation": "None", "depreciationAndAmortization": "215000000", "incomeBeforeTax": "796000000", "incomeTaxExpense": "239000000", "interestAndDebtExpense": "None", "netIncomeFromContinuingOperations": "557000000", "comprehensiveIncomeNetOfTax": "None", "ebit": "909000000", "ebitda": "1124000000", "netIncome": "557000000"}, {"fiscalDateEnding": "2011-03-31", "reportedCurrency": "USD", "grossProfit": "1576000000", "totalRevenue": "2620000000", "costOfRevenue": "1044000000", "costofGoodsAndServicesSold": "1044000000", "operatingIncome": "600000000", "sellingGeneralAndAdministrative": "765000000", "researchAndDevelopment": "0", "operatingExpenses": "976000000", "investmentIncomeNet": "None", "netInterestIncome": "None", "interestIncome": "None", "interestExpense": "112000000", "nonInterestIncome": "None", "otherNonOperatingIncome": "27000000", "depreciation": "None", "depreciationAndAmortization": "213000000", "incomeBeforeTax": "515000000", "incomeTaxExpense": "190000000", "interestAndDebtExpense": "None", "netIncomeFromContinuingOperations": "325000000", "comprehensiveIncomeNetOfTax": "None", "ebit": "627000000", "ebitda": "840000000", "netIncome": "325000000"}, {"fiscalDateEnding": "2010-12-31", "reportedCurrency": "USD", "grossProfit": "1508000000", "totalRevenue": "2392000000", "costOfRevenue": "884000000", "costofGoodsAndServicesSold": "884000000", "operatingIncome": "642000000", "sellingGeneralAndAdministrative": "659000000", "researchAndDevelopment": "0", "operatingExpenses": "866000000", "investmentIncomeNet": "None", "netInterestIncome": "None", "interestIncome": "None", "interestExpense": "115000000", "nonInterestIncome": "None", "otherNonOperatingIncome": "35000000", "depreciation": "None", "depreciationAndAmortization": "209000000", "incomeBeforeTax": "562000000", "incomeTaxExpense": "160000000", "interestAndDebtExpense": "None", "netIncomeFromContinuingOperations": "402000000", "comprehensiveIncomeNetOfTax": "None", "ebit": "-149000000", "ebitda": "60000000", "netIncome": "402000000"}, {"fiscalDateEnding": "2010-09-30", "reportedCurrency": "USD", "grossProfit": "1630000000", "totalRevenue": "2456000000", "costOfRevenue": "826000000", "costofGoodsAndServicesSold": "826000000", "operatingIncome": "746000000", "sellingGeneralAndAdministrative": "680000000", "researchAndDevelopment": "0", "operatingExpenses": "884000000", "investmentIncomeNet": "None", "netInterestIncome": "None", "interestIncome": "None", "interestExpense": "113000000", "nonInterestIncome": "None", "otherNonOperatingIncome": "81000000", "depreciation": "None", "depreciationAndAmortization": "206000000", "incomeBeforeTax": "714000000", "incomeTaxExpense": "269000000", "interestAndDebtExpense": "None", "netIncomeFromContinuingOperations": "445000000", "comprehensiveIncomeNetOfTax": "None", "ebit": "827000000", "ebitda": "1033000000", "netIncome": "445000000"}, {"fiscalDateEnding": "2010-06-30", "reportedCurrency": "USD", "grossProfit": "1607000000", "totalRevenue": "2430000000", "costOfRevenue": "823000000", "costofGoodsAndServicesSold": "823000000", "operatingIncome": "733000000", "sellingGeneralAndAdministrative": "670000000", "researchAndDevelopment": "0", "operatingExpenses": "874000000", "investmentIncomeNet": "None", "netInterestIncome": "None", "interestIncome": "None", "interestExpense": "115000000", "nonInterestIncome": "None", "otherNonOperatingIncome": "17000000", "depreciation": "None", "depreciationAndAmortization": "205000000", "incomeBeforeTax": "635000000", "incomeTaxExpense": "243000000", "interestAndDebtExpense": "None", "netIncomeFromContinuingOperations": "392000000", "comprehensiveIncomeNetOfTax": "None", "ebit": "750000000", "ebitda": "955000000", "netIncome": "392000000"}, {"fiscalDateEnding": "2010-03-31", "reportedCurrency": "USD", "grossProfit": "1458000000", "totalRevenue": "2238000000", "costOfRevenue": "780000000", "costofGoodsAndServicesSold": "780000000", "operatingIncome": "555000000", "sellingGeneralAndAdministrative": "699000000", "researchAndDevelopment": "0", "operatingExpenses": "903000000", "investmentIncomeNet": "None", "netInterestIncome": "None", "interestIncome": "None", "interestExpense": "119000000", "nonInterestIncome": "None", "otherNonOperatingIncome": "20000000", "depreciation": "None", "depreciationAndAmortization": "206000000", "incomeBeforeTax": "456000000", "incomeTaxExpense": "199000000", "interestAndDebtExpense": "None", "netIncomeFromContinuingOperations": "257000000", "comprehensiveIncomeNetOfTax": "None", "ebit": "575000000", "ebitda": "781000000", "netIncome": "257000000"}, {"fiscalDateEnding": "2009-12-31", "reportedCurrency": "USD", "grossProfit": "1375000000", "totalRevenue": "2106000000", "costOfRevenue": "731000000", "costofGoodsAndServicesSold": "731000000", "operatingIncome": "549000000", "sellingGeneralAndAdministrative": "613000000", "researchAndDevelopment": "0", "operatingExpenses": "826000000", "investmentIncomeNet": "None", "netInterestIncome": "None", "interestIncome": "None", "interestExpense": "119000000", "nonInterestIncome": "None", "otherNonOperatingIncome": "None", "depreciation": "None", "depreciationAndAmortization": "215000000", "incomeBeforeTax": "467000000", "incomeTaxExpense": "160000000", "interestAndDebtExpense": "None", "netIncomeFromContinuingOperations": "0", "comprehensiveIncomeNetOfTax": "None", "ebit": "-259000000", "ebitda": "-44000000", "netIncome": "307000000"}, {"fiscalDateEnding": "2009-09-30", "reportedCurrency": "USD", "grossProfit": "1370000000", "totalRevenue": "2063000000", "costOfRevenue": "693000000", "costofGoodsAndServicesSold": "693000000", "operatingIncome": "562000000", "sellingGeneralAndAdministrative": "598000000", "researchAndDevelopment": "0", "operatingExpenses": "808000000", "investmentIncomeNet": "None", "netInterestIncome": "None", "interestIncome": "None", "interestExpense": "118000000", "nonInterestIncome": "None", "otherNonOperatingIncome": "37000000", "depreciation": "None", "depreciationAndAmortization": "210000000", "incomeBeforeTax": "481000000", "incomeTaxExpense": "178000000", "interestAndDebtExpense": "None", "netIncomeFromContinuingOperations": "303000000", "comprehensiveIncomeNetOfTax": "None", "ebit": "601000000", "ebitda": "811000000", "netIncome": "303000000"}, {"fiscalDateEnding": "2009-06-30", "reportedCurrency": "USD", "grossProfit": "1226000000", "totalRevenue": "1857000000", "costOfRevenue": "631000000", "costofGoodsAndServicesSold": "631000000", "operatingIncome": "468000000", "sellingGeneralAndAdministrative": "551000000", "researchAndDevelopment": "0", "operatingExpenses": "758000000", "investmentIncomeNet": "None", "netInterestIncome": "None", "interestIncome": "None", "interestExpense": "113000000", "nonInterestIncome": "None", "otherNonOperatingIncome": "None", "depreciation": "None", "depreciationAndAmortization": "207000000", "incomeBeforeTax": "391000000", "incomeTaxExpense": "144000000", "interestAndDebtExpense": "None", "netIncomeFromContinuingOperations": "0", "comprehensiveIncomeNetOfTax": "None", "ebit": "506000000", "ebitda": "713000000", "netIncome": "247000000"}, {"fiscalDateEnding": "2009-03-31", "reportedCurrency": "USD", "grossProfit": "1229000000", "totalRevenue": "1943000000", "costOfRevenue": "714000000", "costofGoodsAndServicesSold": "714000000", "operatingIncome": "383000000", "sellingGeneralAndAdministrative": "639000000", "researchAndDevelopment": "0", "operatingExpenses": "846000000", "investmentIncomeNet": "None", "netInterestIncome": "None", "interestIncome": "None", "interestExpense": "117000000", "nonInterestIncome": "None", "otherNonOperatingIncome": "None", "depreciation": "None", "depreciationAndAmortization": "209000000", "incomeBeforeTax": "283000000", "incomeTaxExpense": "106000000", "interestAndDebtExpense": "None", "netIncomeFromContinuingOperations": "0", "comprehensiveIncomeNetOfTax": "None", "ebit": "400000000", "ebitda": "609000000", "netIncome": "177000000"}, {"fiscalDateEnding": "2008-12-31", "reportedCurrency": "USD", "grossProfit": "1628000000", "totalRevenue": "2502000000", "costOfRevenue": "874000000", "costofGoodsAndServicesSold": "874000000", "operatingIncome": "813000000", "sellingGeneralAndAdministrative": "609000000", "researchAndDevelopment": "0", "operatingExpenses": "815000000", "investmentIncomeNet": "None", "netInterestIncome": "None", "interestIncome": "None", "interestExpense": "112000000", "nonInterestIncome": "None", "otherNonOperatingIncome": "None", "depreciation": "None", "depreciationAndAmortization": "209000000", "incomeBeforeTax": "719000000", "incomeTaxExpense": "267000000", "interestAndDebtExpense": "None", "netIncomeFromContinuingOperations": "0", "comprehensiveIncomeNetOfTax": "None", "ebit": "831000000", "ebitda": "1040000000", "netIncome": "452000000"}, {"fiscalDateEnding": "2008-09-30", "reportedCurrency": "USD", "grossProfit": "1803000000", "totalRevenue": "2894000000", "costOfRevenue": "1091000000", "costofGoodsAndServicesSold": "1091000000", "operatingIncome": "894000000", "sellingGeneralAndAdministrative": "708000000", "researchAndDevelopment": "0", "operatingExpenses": "2000000000", "investmentIncomeNet": "None", "netInterestIncome": "None", "interestIncome": "None", "interestExpense": "111000000", "nonInterestIncome": "None", "otherNonOperatingIncome": "None", "depreciation": "None", "depreciationAndAmortization": "201000000", "incomeBeforeTax": "822000000", "incomeTaxExpense": "302000000", "interestAndDebtExpense": "None", "netIncomeFromContinuingOperations": "0", "comprehensiveIncomeNetOfTax": "None", "ebit": "936000000", "ebitda": "1137000000", "netIncome": "520000000"}, {"fiscalDateEnding": "2008-06-30", "reportedCurrency": "USD", "grossProfit": "1660000000", "totalRevenue": "2765000000", "costOfRevenue": "1105000000", "costofGoodsAndServicesSold": "1105000000", "operatingIncome": "799000000", "sellingGeneralAndAdministrative": "662000000", "researchAndDevelopment": "0", "operatingExpenses": "861000000", "investmentIncomeNet": "None", "netInterestIncome": "None", "interestIncome": "None", "interestExpense": "112000000", "nonInterestIncome": "None", "otherNonOperatingIncome": "None", "depreciation": "None", "depreciationAndAmortization": "202000000", "incomeBeforeTax": "733000000", "incomeTaxExpense": "280000000", "interestAndDebtExpense": "None", "netIncomeFromContinuingOperations": "0", "comprehensiveIncomeNetOfTax": "None", "ebit": "845000000", "ebitda": "1047000000", "netIncome": "453000000"}, {"fiscalDateEnding": "2008-03-31", "reportedCurrency": "USD", "grossProfit": "1481000000", "totalRevenue": "2500000000", "costOfRevenue": "1019000000", "costofGoodsAndServicesSold": "1019000000", "operatingIncome": "578000000", "sellingGeneralAndAdministrative": "705000000", "researchAndDevelopment": "0", "operatingExpenses": "903000000", "investmentIncomeNet": "None", "netInterestIncome": "None", "interestIncome": "None", "interestExpense": "109000000", "nonInterestIncome": "None", "otherNonOperatingIncome": "None", "depreciation": "None", "depreciationAndAmortization": "200000000", "incomeBeforeTax": "476000000", "incomeTaxExpense": "185000000", "interestAndDebtExpense": "None", "netIncomeFromContinuingOperations": "0", "comprehensiveIncomeNetOfTax": "None", "ebit": "571000000", "ebitda": "771000000", "netIncome": "291000000"}, {"fiscalDateEnding": "2007-12-31", "reportedCurrency": "USD", "grossProfit": "1289000000", "totalRevenue": "2454000000", "costOfRevenue": "1165000000", "costofGoodsAndServicesSold": "1165000000", "operatingIncome": "686000000", "sellingGeneralAndAdministrative": "361000000", "researchAndDevelopment": "0", "operatingExpenses": "341000000", "investmentIncomeNet": "None", "netInterestIncome": "None", "interestIncome": "None", "interestExpense": "108000000", "nonInterestIncome": "None", "otherNonOperatingIncome": "None", "depreciation": "None", "depreciationAndAmortization": "199000000", "incomeBeforeTax": "612000000", "incomeTaxExpense": "213000000", "interestAndDebtExpense": "None", "netIncomeFromContinuingOperations": "0", "comprehensiveIncomeNetOfTax": "None", "ebit": "948000000", "ebitda": "1147000000", "netIncome": "399000000"}, {"fiscalDateEnding": "2007-09-30", "reportedCurrency": "USD", "grossProfit": "1557000000", "totalRevenue": "2353000000", "costOfRevenue": "796000000", "costofGoodsAndServicesSold": "796000000", "operatingIncome": "681000000", "sellingGeneralAndAdministrative": "685000000", "researchAndDevelopment": "0", "operatingExpenses": "942000000", "investmentIncomeNet": "None", "netInterestIncome": "None", "interestIncome": "None", "interestExpense": "107000000", "nonInterestIncome": "None", "otherNonOperatingIncome": "None", "depreciation": "None", "depreciationAndAmortization": "197000000", "incomeBeforeTax": "605000000", "incomeTaxExpense": "219000000", "interestAndDebtExpense": "None", "netIncomeFromContinuingOperations": "0", "comprehensiveIncomeNetOfTax": "None", "ebit": "712000000", "ebitda": "909000000", "netIncome": "386000000"}, {"fiscalDateEnding": "2007-06-30", "reportedCurrency": "USD", "grossProfit": "1587000000", "totalRevenue": "2378000000", "costOfRevenue": "791000000", "costofGoodsAndServicesSold": "791000000", "operatingIncome": "690000000", "sellingGeneralAndAdministrative": "721000000", "researchAndDevelopment": "0", "operatingExpenses": "989000000", "investmentIncomeNet": "None", "netInterestIncome": "None", "interestIncome": "None", "interestExpense": "111000000", "nonInterestIncome": "None", "otherNonOperatingIncome": "None", "depreciation": "None", "depreciationAndAmortization": "196000000", "incomeBeforeTax": "600000000", "incomeTaxExpense": "206000000", "interestAndDebtExpense": "None", "netIncomeFromContinuingOperations": "0", "comprehensiveIncomeNetOfTax": "None", "ebit": "711000000", "ebitda": "907000000", "netIncome": "394000000"}, {"fiscalDateEnding": "2007-03-31", "reportedCurrency": "USD", "grossProfit": "1479000000", "totalRevenue": "2247000000", "costOfRevenue": "768000000", "costofGoodsAndServicesSold": "768000000", "operatingIncome": "528000000", "sellingGeneralAndAdministrative": "785000000", "researchAndDevelopment": "0", "operatingExpenses": "1055000000", "investmentIncomeNet": "None", "netInterestIncome": "None", "interestIncome": "None", "interestExpense": "115000000", "nonInterestIncome": "None", "otherNonOperatingIncome": "None", "depreciation": "None", "depreciationAndAmortization": "194000000", "incomeBeforeTax": "420000000", "incomeTaxExpense": "135000000", "interestAndDebtExpense": "None", "netIncomeFromContinuingOperations": "0", "comprehensiveIncomeNetOfTax": "None", "ebit": "334000000", "ebitda": "528000000", "netIncome": "285000000"}, {"fiscalDateEnding": "2006-12-31", "reportedCurrency": "USD", "grossProfit": "1491000000", "totalRevenue": "2319000000", "costOfRevenue": "828000000", "costofGoodsAndServicesSold": "828000000", "operatingIncome": "614000000", "sellingGeneralAndAdministrative": "792000000", "researchAndDevelopment": "0", "operatingExpenses": "1047000000", "investmentIncomeNet": "None", "netInterestIncome": "None", "interestIncome": "None", "interestExpense": "115000000", "nonInterestIncome": "None", "otherNonOperatingIncome": "None", "depreciation": "None", "depreciationAndAmortization": "190000000", "incomeBeforeTax": "539000000", "incomeTaxExpense": "154000000", "interestAndDebtExpense": "None", "netIncomeFromContinuingOperations": "0", "comprehensiveIncomeNetOfTax": "None", "ebit": "444000000", "ebitda": "634000000", "netIncome": "385000000"}, {"fiscalDateEnding": "2006-09-30", "reportedCurrency": "USD", "grossProfit": "1554000000", "totalRevenue": "2393000000", "costOfRevenue": "839000000", "costofGoodsAndServicesSold": "839000000", "operatingIncome": "715000000", "sellingGeneralAndAdministrative": "754000000", "researchAndDevelopment": "0", "operatingExpenses": "999000000", "investmentIncomeNet": "None", "netInterestIncome": "None", "interestIncome": "None", "interestExpense": "120000000", "nonInterestIncome": "None", "otherNonOperatingIncome": "None", "depreciation": "None", "depreciationAndAmortization": "188000000", "incomeBeforeTax": "636000000", "incomeTaxExpense": "220000000", "interestAndDebtExpense": "None", "netIncomeFromContinuingOperations": "0", "comprehensiveIncomeNetOfTax": "None", "ebit": "527000000", "ebitda": "715000000", "netIncome": "416000000"}, {"fiscalDateEnding": "2006-06-30", "reportedCurrency": "USD", "grossProfit": "1534000000", "totalRevenue": "2392000000", "costOfRevenue": "858000000", "costofGoodsAndServicesSold": "858000000", "operatingIncome": "677000000", "sellingGeneralAndAdministrative": "798000000", "researchAndDevelopment": "0", "operatingExpenses": "1049000000", "investmentIncomeNet": "None", "netInterestIncome": "None", "interestIncome": "None", "interestExpense": "121000000", "nonInterestIncome": "None", "otherNonOperatingIncome": "None", "depreciation": "None", "depreciationAndAmortization": "187000000", "incomeBeforeTax": "589000000", "incomeTaxExpense": "214000000", "interestAndDebtExpense": "None", "netIncomeFromContinuingOperations": "0", "comprehensiveIncomeNetOfTax": "None", "ebit": "490000000", "ebitda": "677000000", "netIncome": "375000000"}, {"fiscalDateEnding": "2006-03-31", "reportedCurrency": "USD", "grossProfit": "1484000000", "totalRevenue": "2303000000", "costOfRevenue": "819000000", "costofGoodsAndServicesSold": "819000000", "operatingIncome": "551000000", "sellingGeneralAndAdministrative": "859000000", "researchAndDevelopment": "0", "operatingExpenses": "1103000000", "investmentIncomeNet": "None", "netInterestIncome": "None", "interestIncome": "None", "interestExpense": "120000000", "nonInterestIncome": "None", "otherNonOperatingIncome": "None", "depreciation": "None", "depreciationAndAmortization": "185000000", "incomeBeforeTax": "466000000", "incomeTaxExpense": "161000000", "interestAndDebtExpense": "None", "netIncomeFromContinuingOperations": "0", "comprehensiveIncomeNetOfTax": "None", "ebit": "366000000", "ebitda": "551000000", "netIncome": "305000000"}, {"fiscalDateEnding": "2005-12-31", "reportedCurrency": "USD", "grossProfit": "1455000000", "totalRevenue": "2257000000", "costOfRevenue": "802000000", "costofGoodsAndServicesSold": "802000000", "operatingIncome": "594000000", "sellingGeneralAndAdministrative": "762000000", "researchAndDevelopment": "0", "operatingExpenses": "1019000000", "investmentIncomeNet": "None", "netInterestIncome": "None", "interestIncome": "None", "interestExpense": "494000000", "nonInterestIncome": "None", "otherNonOperatingIncome": "None", "depreciation": "None", "depreciationAndAmortization": "196000000", "incomeBeforeTax": "504000000", "incomeTaxExpense": "142000000", "interestAndDebtExpense": "None", "netIncomeFromContinuingOperations": "0", "comprehensiveIncomeNetOfTax": "None", "ebit": "436000000", "ebitda": "632000000", "netIncome": "362000000"}]}