{"symbol": "ADEA", "annualReports": [{"fiscalDateEnding": "2024-12-31", "reportedCurrency": "USD", "grossProfit": "303245000", "totalRevenue": "376024000", "costOfRevenue": "72779000", "costofGoodsAndServicesSold": "72779000", "operatingIncome": "128609000", "sellingGeneralAndAdministrative": "99443000", "researchAndDevelopment": "59598000", "operatingExpenses": "247415000", "investmentIncomeNet": "None", "netInterestIncome": "-52539000", "interestIncome": "None", "interestExpense": "52539000", "nonInterestIncome": "None", "otherNonOperatingIncome": "None", "depreciation": "None", "depreciationAndAmortization": "72779000", "incomeBeforeTax": "81187000", "incomeTaxExpense": "16564000", "interestAndDebtExpense": "None", "netIncomeFromContinuingOperations": "64623000", "comprehensiveIncomeNetOfTax": "None", "ebit": "133726000", "ebitda": "206505000", "netIncome": "64623000"}, {"fiscalDateEnding": "2023-12-31", "reportedCurrency": "USD", "grossProfit": "293514000", "totalRevenue": "388788000", "costOfRevenue": "95274000", "costofGoodsAndServicesSold": "95274000", "operatingIncome": "136230000", "sellingGeneralAndAdministrative": "84726000", "researchAndDevelopment": "54264000", "operatingExpenses": "252558000", "investmentIncomeNet": "None", "netInterestIncome": "-62574000", "interestIncome": "None", "interestExpense": "62574000", "nonInterestIncome": "None", "otherNonOperatingIncome": "None", "depreciation": "None", "depreciationAndAmortization": "95274000", "incomeBeforeTax": "79976000", "incomeTaxExpense": "12604000", "interestAndDebtExpense": "None", "netIncomeFromContinuingOperations": "67372000", "comprehensiveIncomeNetOfTax": "None", "ebit": "142550000", "ebitda": "237824000", "netIncome": "67372000"}, {"fiscalDateEnding": "2022-12-31", "reportedCurrency": "USD", "grossProfit": "324712000", "totalRevenue": "438933000", "costOfRevenue": "114221000", "costofGoodsAndServicesSold": "114221000", "operatingIncome": "161647000", "sellingGeneralAndAdministrative": "130130000", "researchAndDevelopment": "44579000", "operatingExpenses": "163065000", "investmentIncomeNet": "None", "netInterestIncome": "-45335000", "interestIncome": "None", "interestExpense": "45335000", "nonInterestIncome": "None", "otherNonOperatingIncome": "2047000", "depreciation": "None", "depreciationAndAmortization": "114221000", "incomeBeforeTax": "109772000", "incomeTaxExpense": "-28620000", "interestAndDebtExpense": "None", "netIncomeFromContinuingOperations": "138392000", "comprehensiveIncomeNetOfTax": "None", "ebit": "155107000", "ebitda": "269328000", "netIncome": "-295880000"}, {"fiscalDateEnding": "2021-12-31", "reportedCurrency": "USD", "grossProfit": "523736000", "totalRevenue": "877696000", "costOfRevenue": "353960000", "costofGoodsAndServicesSold": "353960000", "operatingIncome": "25454000", "sellingGeneralAndAdministrative": "266085000", "researchAndDevelopment": "232197000", "operatingExpenses": "498282000", "investmentIncomeNet": "None", "netInterestIncome": "-38973000", "interestIncome": "None", "interestExpense": "38973000", "nonInterestIncome": "None", "otherNonOperatingIncome": "-5374000", "depreciation": "None", "depreciationAndAmortization": "227202000", "incomeBeforeTax": "-30535000", "incomeTaxExpense": "28378000", "interestAndDebtExpense": "None", "netIncomeFromContinuingOperations": "-58913000", "comprehensiveIncomeNetOfTax": "None", "ebit": "8438000", "ebitda": "235640000", "netIncome": "-55457000"}, {"fiscalDateEnding": "2020-12-31", "reportedCurrency": "USD", "grossProfit": "437562000", "totalRevenue": "515919000", "costOfRevenue": "78357000", "costofGoodsAndServicesSold": "78357000", "operatingIncome": "267455000", "sellingGeneralAndAdministrative": "245356000", "researchAndDevelopment": "35080000", "operatingExpenses": "170107000", "investmentIncomeNet": "None", "netInterestIncome": "-33833000", "interestIncome": "4040000", "interestExpense": "37873000", "nonInterestIncome": "None", "otherNonOperatingIncome": "None", "depreciation": "None", "depreciationAndAmortization": "174744000", "incomeBeforeTax": "224494000", "incomeTaxExpense": "-15312000", "interestAndDebtExpense": "None", "netIncomeFromContinuingOperations": "143796000", "comprehensiveIncomeNetOfTax": "None", "ebit": "262367000", "ebitda": "437111000", "netIncome": "146762000"}, {"fiscalDateEnding": "2019-12-31", "reportedCurrency": "USD", "grossProfit": "164940000", "totalRevenue": "280067000", "costOfRevenue": "115127000", "costofGoodsAndServicesSold": "115127000", "operatingIncome": "-63581000", "sellingGeneralAndAdministrative": "117897000", "researchAndDevelopment": "112345000", "operatingExpenses": "228521000", "investmentIncomeNet": "None", "netInterestIncome": "-15256000", "interestIncome": "8121000", "interestExpense": "23377000", "nonInterestIncome": "None", "otherNonOperatingIncome": "None", "depreciation": "None", "depreciationAndAmortization": "106667000", "incomeBeforeTax": "-83057000", "incomeTaxExpense": "-19024000", "interestAndDebtExpense": "None", "netIncomeFromContinuingOperations": "-64033000", "comprehensiveIncomeNetOfTax": "None", "ebit": "-59680000", "ebitda": "46987000", "netIncome": "-62530000"}, {"fiscalDateEnding": "2018-12-31", "reportedCurrency": "USD", "grossProfit": "284392000", "totalRevenue": "406133000", "costOfRevenue": "121741000", "costofGoodsAndServicesSold": "121741000", "operatingIncome": "50079000", "sellingGeneralAndAdministrative": "122907000", "researchAndDevelopment": "106406000", "operatingExpenses": "234313000", "investmentIncomeNet": "None", "netInterestIncome": "-16919000", "interestIncome": "8746000", "interestExpense": "25665000", "nonInterestIncome": "None", "otherNonOperatingIncome": "None", "depreciation": "None", "depreciationAndAmortization": "115126000", "incomeBeforeTax": "6910000", "incomeTaxExpense": "8673000", "interestAndDebtExpense": "None", "netIncomeFromContinuingOperations": "-1763000", "comprehensiveIncomeNetOfTax": "None", "ebit": "32575000", "ebitda": "147701000", "netIncome": "-289000"}, {"fiscalDateEnding": "2017-12-31", "reportedCurrency": "USD", "grossProfit": "248293000", "totalRevenue": "373732000", "costOfRevenue": "125439000", "costofGoodsAndServicesSold": "125439000", "operatingIncome": "4996000", "sellingGeneralAndAdministrative": "None", "researchAndDevelopment": "105849000", "operatingExpenses": "243297000", "investmentIncomeNet": "None", "netInterestIncome": "None", "interestIncome": "None", "interestExpense": "28292000", "nonInterestIncome": "None", "otherNonOperatingIncome": "None", "depreciation": "None", "depreciationAndAmortization": "119131000", "incomeBeforeTax": "-58343000", "incomeTaxExpense": "-1785000", "interestAndDebtExpense": "None", "netIncomeFromContinuingOperations": "None", "comprehensiveIncomeNetOfTax": "None", "ebit": "-30051000", "ebitda": "89080000", "netIncome": "-56558000"}, {"fiscalDateEnding": "2016-12-31", "reportedCurrency": "USD", "grossProfit": "224884000", "totalRevenue": "259565000", "costOfRevenue": "34681000", "costofGoodsAndServicesSold": "34681000", "operatingIncome": "134241000", "sellingGeneralAndAdministrative": "None", "researchAndDevelopment": "44738000", "operatingExpenses": "90643000", "investmentIncomeNet": "None", "netInterestIncome": "None", "interestIncome": "None", "interestExpense": "2409000", "nonInterestIncome": "None", "otherNonOperatingIncome": "None", "depreciation": "None", "depreciationAndAmortization": "34130000", "incomeBeforeTax": "90715000", "incomeTaxExpense": "34626000", "interestAndDebtExpense": "None", "netIncomeFromContinuingOperations": "None", "comprehensiveIncomeNetOfTax": "None", "ebit": "93124000", "ebitda": "127254000", "netIncome": "56089000"}, {"fiscalDateEnding": "2015-12-31", "reportedCurrency": "USD", "grossProfit": "250520000", "totalRevenue": "273300000", "costOfRevenue": "22780000", "costofGoodsAndServicesSold": "22780000", "operatingIncome": "176337000", "sellingGeneralAndAdministrative": "None", "researchAndDevelopment": "32180999", "operatingExpenses": "74183000", "investmentIncomeNet": "None", "netInterestIncome": "None", "interestIncome": "None", "interestExpense": "None", "nonInterestIncome": "None", "otherNonOperatingIncome": "None", "depreciation": "None", "depreciationAndAmortization": "22214000", "incomeBeforeTax": "165634000", "incomeTaxExpense": "48517000", "interestAndDebtExpense": "None", "netIncomeFromContinuingOperations": "None", "comprehensiveIncomeNetOfTax": "None", "ebit": "165634000", "ebitda": "187848000", "netIncome": "117016000"}, {"fiscalDateEnding": "2014-12-31", "reportedCurrency": "USD", "grossProfit": "257055999", "totalRevenue": "278807000", "costOfRevenue": "21751000", "costofGoodsAndServicesSold": "21751000", "operatingIncome": "180474000", "sellingGeneralAndAdministrative": "None", "researchAndDevelopment": "37479000", "operatingExpenses": "76582000", "investmentIncomeNet": "None", "netInterestIncome": "None", "interestIncome": "None", "interestExpense": "None", "nonInterestIncome": "None", "otherNonOperatingIncome": "None", "depreciation": "None", "depreciationAndAmortization": "20306000", "incomeBeforeTax": "167246000", "incomeTaxExpense": "-7697000", "interestAndDebtExpense": "None", "netIncomeFromContinuingOperations": "None", "comprehensiveIncomeNetOfTax": "None", "ebit": "167246000", "ebitda": "187552000", "netIncome": "170454000"}, {"fiscalDateEnding": "2013-12-31", "reportedCurrency": "USD", "grossProfit": "127067000", "totalRevenue": "168811000", "costOfRevenue": "41744000", "costofGoodsAndServicesSold": "41744000", "operatingIncome": "58721000", "sellingGeneralAndAdministrative": "None", "researchAndDevelopment": "32439000", "operatingExpenses": "68346000", "investmentIncomeNet": "None", "netInterestIncome": "None", "interestIncome": "None", "interestExpense": "None", "nonInterestIncome": "None", "otherNonOperatingIncome": "None", "depreciation": "None", "depreciationAndAmortization": "38267000", "incomeBeforeTax": "-5049000", "incomeTaxExpense": "35860000", "interestAndDebtExpense": "None", "netIncomeFromContinuingOperations": "None", "comprehensiveIncomeNetOfTax": "None", "ebit": "-5049000", "ebitda": "33218000", "netIncome": "-185555000"}, {"fiscalDateEnding": "2012-12-31", "reportedCurrency": "USD", "grossProfit": "161719000", "totalRevenue": "209838000", "costOfRevenue": "48119000", "costofGoodsAndServicesSold": "48119000", "operatingIncome": "20698000", "sellingGeneralAndAdministrative": "None", "researchAndDevelopment": "88762000", "operatingExpenses": "141021000", "investmentIncomeNet": "None", "netInterestIncome": "None", "interestIncome": "None", "interestExpense": "None", "nonInterestIncome": "None", "otherNonOperatingIncome": "None", "depreciation": "None", "depreciationAndAmortization": "40274000", "incomeBeforeTax": "-9972000", "incomeTaxExpense": "1144000", "interestAndDebtExpense": "None", "netIncomeFromContinuingOperations": "None", "comprehensiveIncomeNetOfTax": "None", "ebit": "-9972000", "ebitda": "30302000", "netIncome": "-30225000"}, {"fiscalDateEnding": "2011-12-31", "reportedCurrency": "USD", "grossProfit": "217385000", "totalRevenue": "254576000", "costOfRevenue": "37191000", "costofGoodsAndServicesSold": "37191000", "operatingIncome": "71729000", "sellingGeneralAndAdministrative": "None", "researchAndDevelopment": "75976000", "operatingExpenses": "145656000", "investmentIncomeNet": "None", "netInterestIncome": "None", "interestIncome": "None", "interestExpense": "None", "nonInterestIncome": "None", "otherNonOperatingIncome": "None", "depreciation": "None", "depreciationAndAmortization": "27396000", "incomeBeforeTax": "-9315000", "incomeTaxExpense": "9985000", "interestAndDebtExpense": "None", "netIncomeFromContinuingOperations": "None", "comprehensiveIncomeNetOfTax": "None", "ebit": "-9315000", "ebitda": "18081000", "netIncome": "-19300000"}, {"fiscalDateEnding": "2010-12-31", "reportedCurrency": "USD", "grossProfit": "266500999", "totalRevenue": "301393000", "costOfRevenue": "34892000", "costofGoodsAndServicesSold": "34892000", "operatingIncome": "126218000", "sellingGeneralAndAdministrative": "None", "researchAndDevelopment": "74098000", "operatingExpenses": "140283000", "investmentIncomeNet": "None", "netInterestIncome": "None", "interestIncome": "None", "interestExpense": "None", "nonInterestIncome": "None", "otherNonOperatingIncome": "None", "depreciation": "None", "depreciationAndAmortization": "26230000", "incomeBeforeTax": "103425000", "incomeTaxExpense": "46079000", "interestAndDebtExpense": "None", "netIncomeFromContinuingOperations": "None", "comprehensiveIncomeNetOfTax": "None", "ebit": "103425000", "ebitda": "129655000", "netIncome": "57346000"}, {"fiscalDateEnding": "2009-12-31", "reportedCurrency": "USD", "grossProfit": "271688500", "totalRevenue": "299440000", "costOfRevenue": "27751500", "costofGoodsAndServicesSold": "27751500", "operatingIncome": "143773000", "sellingGeneralAndAdministrative": "None", "researchAndDevelopment": "65888000", "operatingExpenses": "127915500", "investmentIncomeNet": "None", "netInterestIncome": "None", "interestIncome": "None", "interestExpense": "None", "nonInterestIncome": "None", "otherNonOperatingIncome": "None", "depreciation": "None", "depreciationAndAmortization": "21561000", "incomeBeforeTax": "123161000", "incomeTaxExpense": "53365000", "interestAndDebtExpense": "None", "netIncomeFromContinuingOperations": "None", "comprehensiveIncomeNetOfTax": "None", "ebit": "123161000", "ebitda": "144722000", "netIncome": "69796000"}, {"fiscalDateEnding": "2008-12-31", "reportedCurrency": "USD", "grossProfit": "222149500", "totalRevenue": "248291000", "costOfRevenue": "26141500", "costofGoodsAndServicesSold": "26141500", "operatingIncome": "100407000", "sellingGeneralAndAdministrative": "None", "researchAndDevelopment": "61599000", "operatingExpenses": "121742500", "investmentIncomeNet": "None", "netInterestIncome": "None", "interestIncome": "None", "interestExpense": "None", "nonInterestIncome": "None", "otherNonOperatingIncome": "None", "depreciation": "None", "depreciationAndAmortization": "18791000", "incomeBeforeTax": "19186000", "incomeTaxExpense": "14544000", "interestAndDebtExpense": "None", "netIncomeFromContinuingOperations": "None", "comprehensiveIncomeNetOfTax": "None", "ebit": "19186000", "ebitda": "37977000", "netIncome": "4642000"}, {"fiscalDateEnding": "2007-12-31", "reportedCurrency": "USD", "grossProfit": "172702000", "totalRevenue": "195688000", "costOfRevenue": "22986000", "costofGoodsAndServicesSold": "22986000", "operatingIncome": "94740000", "sellingGeneralAndAdministrative": "None", "researchAndDevelopment": "37526000", "operatingExpenses": "77962000", "investmentIncomeNet": "None", "netInterestIncome": "None", "interestIncome": "None", "interestExpense": "None", "nonInterestIncome": "None", "otherNonOperatingIncome": "None", "depreciation": "None", "depreciationAndAmortization": "13610000", "incomeBeforeTax": "78081000", "incomeTaxExpense": "32942999", "interestAndDebtExpense": "None", "netIncomeFromContinuingOperations": "None", "comprehensiveIncomeNetOfTax": "None", "ebit": "78081000", "ebitda": "91691000", "netIncome": "45138000"}, {"fiscalDateEnding": "2006-12-31", "reportedCurrency": "USD", "grossProfit": "189367000", "totalRevenue": "208726000", "costOfRevenue": "19359000", "costofGoodsAndServicesSold": "19359000", "operatingIncome": "98995000", "sellingGeneralAndAdministrative": "None", "researchAndDevelopment": "20063000", "operatingExpenses": "90372000", "investmentIncomeNet": "None", "netInterestIncome": "None", "interestIncome": "None", "interestExpense": "None", "nonInterestIncome": "None", "otherNonOperatingIncome": "None", "depreciation": "None", "depreciationAndAmortization": "7249000", "incomeBeforeTax": "105494000", "incomeTaxExpense": "44143000", "interestAndDebtExpense": "None", "netIncomeFromContinuingOperations": "None", "comprehensiveIncomeNetOfTax": "None", "ebit": "105494000", "ebitda": "112743000", "netIncome": "61351000"}, {"fiscalDateEnding": "2005-12-31", "reportedCurrency": "USD", "grossProfit": "81387000", "totalRevenue": "94700000", "costOfRevenue": "13313000", "costofGoodsAndServicesSold": "13313000", "operatingIncome": "53573000", "sellingGeneralAndAdministrative": "None", "researchAndDevelopment": "7453000", "operatingExpenses": "27814000", "investmentIncomeNet": "None", "netInterestIncome": "None", "interestIncome": "None", "interestExpense": "None", "nonInterestIncome": "None", "otherNonOperatingIncome": "None", "depreciation": "None", "depreciationAndAmortization": "1652000", "incomeBeforeTax": "49128000", "incomeTaxExpense": "17679000", "interestAndDebtExpense": "None", "netIncomeFromContinuingOperations": "None", "comprehensiveIncomeNetOfTax": "None", "ebit": "49128000", "ebitda": "50780000", "netIncome": "31449000"}], "quarterlyReports": [{"fiscalDateEnding": "2025-09-30", "reportedCurrency": "USD", "grossProfit": "72685000", "totalRevenue": "87339000", "costOfRevenue": "14654000", "costofGoodsAndServicesSold": "14654000", "operatingIncome": "32204000", "sellingGeneralAndAdministrative": "24920000", "researchAndDevelopment": "16040000", "operatingExpenses": "40481000", "investmentIncomeNet": "None", "netInterestIncome": "-10054000", "interestIncome": "None", "interestExpense": "10054000", "nonInterestIncome": "None", "otherNonOperatingIncome": "None", "depreciation": "None", "depreciationAndAmortization": "14654000", "incomeBeforeTax": "18431000", "incomeTaxExpense": "9603000", "interestAndDebtExpense": "None", "netIncomeFromContinuingOperations": "8828000", "comprehensiveIncomeNetOfTax": "None", "ebit": "28485000", "ebitda": "43139000", "netIncome": "8828000"}, {"fiscalDateEnding": "2025-06-30", "reportedCurrency": "USD", "grossProfit": "71077000", "totalRevenue": "85735000", "costOfRevenue": "14658000", "costofGoodsAndServicesSold": "14658000", "operatingIncome": "23579000", "sellingGeneralAndAdministrative": "32129000", "researchAndDevelopment": "15857000", "operatingExpenses": "47498000", "investmentIncomeNet": "None", "netInterestIncome": "-10216000", "interestIncome": "None", "interestExpense": "10216000", "nonInterestIncome": "None", "otherNonOperatingIncome": "None", "depreciation": "None", "depreciationAndAmortization": "14658000", "incomeBeforeTax": "7623000", "incomeTaxExpense": "-9099000", "interestAndDebtExpense": "None", "netIncomeFromContinuingOperations": "16722000", "comprehensiveIncomeNetOfTax": "None", "ebit": "17839000", "ebitda": "32497000", "netIncome": "16722000"}, {"fiscalDateEnding": "2025-03-31", "reportedCurrency": "USD", "grossProfit": "73079000", "totalRevenue": "87670000", "costOfRevenue": "14591000", "costofGoodsAndServicesSold": "14591000", "operatingIncome": "28689000", "sellingGeneralAndAdministrative": "28432000", "researchAndDevelopment": "16466999", "operatingExpenses": "44390000", "investmentIncomeNet": "None", "netInterestIncome": "-10649000", "interestIncome": "None", "interestExpense": "10649000", "nonInterestIncome": "None", "otherNonOperatingIncome": "None", "depreciation": "None", "depreciationAndAmortization": "14591000", "incomeBeforeTax": "13898000", "incomeTaxExpense": "2084000", "interestAndDebtExpense": "None", "netIncomeFromContinuingOperations": "11814000", "comprehensiveIncomeNetOfTax": "None", "ebit": "24547000", "ebitda": "39138000", "netIncome": "11814000"}, {"fiscalDateEnding": "2024-12-31", "reportedCurrency": "USD", "grossProfit": "104712000", "totalRevenue": "119168000", "costOfRevenue": "14456000", "costofGoodsAndServicesSold": "14456000", "operatingIncome": "62134000", "sellingGeneralAndAdministrative": "23894000", "researchAndDevelopment": "16049000", "operatingExpenses": "42578000", "investmentIncomeNet": "None", "netInterestIncome": "-12310000", "interestIncome": "None", "interestExpense": "12310000", "nonInterestIncome": "None", "otherNonOperatingIncome": "None", "depreciation": "None", "depreciationAndAmortization": "14456000", "incomeBeforeTax": "46483000", "incomeTaxExpense": "10455000", "interestAndDebtExpense": "None", "netIncomeFromContinuingOperations": "36028000", "comprehensiveIncomeNetOfTax": "None", "ebit": "58793000", "ebitda": "73249000", "netIncome": "36028000"}, {"fiscalDateEnding": "2024-09-30", "reportedCurrency": "USD", "grossProfit": "71975000", "totalRevenue": "86101000", "costOfRevenue": "14126000", "costofGoodsAndServicesSold": "14126000", "operatingIncome": "30773000", "sellingGeneralAndAdministrative": "26903000", "researchAndDevelopment": "14825000", "operatingExpenses": "41202000", "investmentIncomeNet": "None", "netInterestIncome": "-12758000", "interestIncome": "None", "interestExpense": "12758000", "nonInterestIncome": "None", "otherNonOperatingIncome": "None", "depreciation": "None", "depreciationAndAmortization": "14126000", "incomeBeforeTax": "16794000", "incomeTaxExpense": "-2520000", "interestAndDebtExpense": "None", "netIncomeFromContinuingOperations": "19314000", "comprehensiveIncomeNetOfTax": "None", "ebit": "29552000", "ebitda": "43678000", "netIncome": "19314000"}, {"fiscalDateEnding": "2024-06-30", "reportedCurrency": "USD", "grossProfit": "66830000", "totalRevenue": "87350000", "costOfRevenue": "20520000", "costofGoodsAndServicesSold": "20520000", "operatingIncome": "27904000", "sellingGeneralAndAdministrative": "24617000", "researchAndDevelopment": "14799000", "operatingExpenses": "38926000", "investmentIncomeNet": "None", "netInterestIncome": "-13296000", "interestIncome": "None", "interestExpense": "13296000", "nonInterestIncome": "None", "otherNonOperatingIncome": "None", "depreciation": "None", "depreciationAndAmortization": "20520000", "incomeBeforeTax": "11321000", "incomeTaxExpense": "2939000", "interestAndDebtExpense": "None", "netIncomeFromContinuingOperations": "8382000", "comprehensiveIncomeNetOfTax": "None", "ebit": "24617000", "ebitda": "45137000", "netIncome": "8382000"}, {"fiscalDateEnding": "2024-03-31", "reportedCurrency": "USD", "grossProfit": "59728000", "totalRevenue": "83405000", "costOfRevenue": "23677000", "costofGoodsAndServicesSold": "23677000", "operatingIncome": "22294000", "sellingGeneralAndAdministrative": "24029000", "researchAndDevelopment": "13925000", "operatingExpenses": "37434000", "investmentIncomeNet": "None", "netInterestIncome": "-14175000", "interestIncome": "None", "interestExpense": "14175000", "nonInterestIncome": "None", "otherNonOperatingIncome": "None", "depreciation": "None", "depreciationAndAmortization": "23677000", "incomeBeforeTax": "6589000", "incomeTaxExpense": "5690000", "interestAndDebtExpense": "None", "netIncomeFromContinuingOperations": "899000", "comprehensiveIncomeNetOfTax": "None", "ebit": "20764000", "ebitda": "44441000", "netIncome": "899000"}, {"fiscalDateEnding": "2023-12-31", "reportedCurrency": "USD", "grossProfit": "63469000", "totalRevenue": "86867000", "costOfRevenue": "23398000", "costofGoodsAndServicesSold": "23398000", "operatingIncome": "25439000", "sellingGeneralAndAdministrative": "13849000", "researchAndDevelopment": "14369000", "operatingExpenses": "38030000", "investmentIncomeNet": "None", "netInterestIncome": "-15437000", "interestIncome": "None", "interestExpense": "15437000", "nonInterestIncome": "None", "otherNonOperatingIncome": "None", "depreciation": "None", "depreciationAndAmortization": "23398000", "incomeBeforeTax": "9427000", "incomeTaxExpense": "-3273000", "interestAndDebtExpense": "None", "netIncomeFromContinuingOperations": "12700000", "comprehensiveIncomeNetOfTax": "None", "ebit": "24864000", "ebitda": "48262000", "netIncome": "12700000"}, {"fiscalDateEnding": "2023-09-30", "reportedCurrency": "USD", "grossProfit": "77629000", "totalRevenue": "101397000", "costOfRevenue": "23768000", "costofGoodsAndServicesSold": "23768000", "operatingIncome": "42322000", "sellingGeneralAndAdministrative": "21921000", "researchAndDevelopment": "13768000", "operatingExpenses": "35307000", "investmentIncomeNet": "None", "netInterestIncome": "-15659000", "interestIncome": "None", "interestExpense": "15659000", "nonInterestIncome": "None", "otherNonOperatingIncome": "None", "depreciation": "None", "depreciationAndAmortization": "23768000", "incomeBeforeTax": "25944000", "incomeTaxExpense": "1712000", "interestAndDebtExpense": "None", "netIncomeFromContinuingOperations": "24232000", "comprehensiveIncomeNetOfTax": "None", "ebit": "41603000", "ebitda": "65371000", "netIncome": "24232000"}, {"fiscalDateEnding": "2023-06-30", "reportedCurrency": "USD", "grossProfit": "59182000", "totalRevenue": "83217000", "costOfRevenue": "24035000", "costofGoodsAndServicesSold": "24035000", "operatingIncome": "20057000", "sellingGeneralAndAdministrative": "26394000", "researchAndDevelopment": "13116000", "operatingExpenses": "39125000", "investmentIncomeNet": "None", "netInterestIncome": "-15540000", "interestIncome": "None", "interestExpense": "15540000", "nonInterestIncome": "None", "otherNonOperatingIncome": "None", "depreciation": "None", "depreciationAndAmortization": "24035000", "incomeBeforeTax": "3800000", "incomeTaxExpense": "2381000", "interestAndDebtExpense": "None", "netIncomeFromContinuingOperations": "1419000", "comprehensiveIncomeNetOfTax": "None", "ebit": "19340000", "ebitda": "43375000", "netIncome": "1419000"}, {"fiscalDateEnding": "2023-03-31", "reportedCurrency": "USD", "grossProfit": "93234000", "totalRevenue": "117307000", "costOfRevenue": "24073000", "costofGoodsAndServicesSold": "24073000", "operatingIncome": "58745000", "sellingGeneralAndAdministrative": "22862000", "researchAndDevelopment": "13011000", "operatingExpenses": "34489000", "investmentIncomeNet": "None", "netInterestIncome": "-15938000", "interestIncome": "None", "interestExpense": "15938000", "nonInterestIncome": "None", "otherNonOperatingIncome": "1620000", "depreciation": "None", "depreciationAndAmortization": "24073000", "incomeBeforeTax": "40805000", "incomeTaxExpense": "11784000", "interestAndDebtExpense": "None", "netIncomeFromContinuingOperations": "29021000", "comprehensiveIncomeNetOfTax": "None", "ebit": "56743000", "ebitda": "80816000", "netIncome": "29021000"}, {"fiscalDateEnding": "2022-12-31", "reportedCurrency": "USD", "grossProfit": "78955000", "totalRevenue": "103290000", "costOfRevenue": "24335000", "costofGoodsAndServicesSold": "24335000", "operatingIncome": "34753000", "sellingGeneralAndAdministrative": "32546000", "researchAndDevelopment": "12041000", "operatingExpenses": "44202000", "investmentIncomeNet": "None", "netInterestIncome": "-15023000", "interestIncome": "None", "interestExpense": "15023000", "nonInterestIncome": "None", "otherNonOperatingIncome": "None", "depreciation": "None", "depreciationAndAmortization": "24335000", "incomeBeforeTax": "18640000", "incomeTaxExpense": "-55090000", "interestAndDebtExpense": "None", "netIncomeFromContinuingOperations": "73730000", "comprehensiveIncomeNetOfTax": "None", "ebit": "33663000", "ebitda": "57998000", "netIncome": "73730000"}, {"fiscalDateEnding": "2022-09-30", "reportedCurrency": "USD", "grossProfit": "43101000", "totalRevenue": "89297000", "costOfRevenue": "46196000", "costofGoodsAndServicesSold": "46196000", "operatingIncome": "18798000", "sellingGeneralAndAdministrative": "83958000", "researchAndDevelopment": "11534000", "operatingExpenses": "24303000", "investmentIncomeNet": "None", "netInterestIncome": "-13198000", "interestIncome": "None", "interestExpense": "12444000", "nonInterestIncome": "None", "otherNonOperatingIncome": "460000", "depreciation": "None", "depreciationAndAmortization": "46196000", "incomeBeforeTax": "4058000", "incomeTaxExpense": "10401000", "interestAndDebtExpense": "None", "netIncomeFromContinuingOperations": "-389819000", "comprehensiveIncomeNetOfTax": "None", "ebit": "16502000", "ebitda": "62698000", "netIncome": "-388929000"}, {"fiscalDateEnding": "2022-06-30", "reportedCurrency": "USD", "grossProfit": "63144000", "totalRevenue": "107815000", "costOfRevenue": "44671000", "costofGoodsAndServicesSold": "44671000", "operatingIncome": "37563000", "sellingGeneralAndAdministrative": "72116000", "researchAndDevelopment": "11010000", "operatingExpenses": "25581000", "investmentIncomeNet": "None", "netInterestIncome": "-9440000", "interestIncome": "None", "interestExpense": "9440000", "nonInterestIncome": "None", "otherNonOperatingIncome": "None", "depreciation": "None", "depreciationAndAmortization": "44671000", "incomeBeforeTax": "25712000", "incomeTaxExpense": "10552000", "interestAndDebtExpense": "None", "netIncomeFromContinuingOperations": "-6473000", "comprehensiveIncomeNetOfTax": "None", "ebit": "35152000", "ebitda": "79823000", "netIncome": "-5625000"}, {"fiscalDateEnding": "2022-03-31", "reportedCurrency": "USD", "grossProfit": "93347000", "totalRevenue": "138532000", "costOfRevenue": "45185000", "costofGoodsAndServicesSold": "45185000", "operatingIncome": "70532000", "sellingGeneralAndAdministrative": "70446000", "researchAndDevelopment": "9650000", "operatingExpenses": "22815000", "investmentIncomeNet": "None", "netInterestIncome": "-8429000", "interestIncome": "None", "interestExpense": "8429000", "nonInterestIncome": "None", "otherNonOperatingIncome": "None", "depreciation": "None", "depreciationAndAmortization": "45185000", "incomeBeforeTax": "61362000", "incomeTaxExpense": "5517000", "interestAndDebtExpense": "None", "netIncomeFromContinuingOperations": "23975000", "comprehensiveIncomeNetOfTax": "None", "ebit": "69791000", "ebitda": "114976000", "netIncome": "24943000"}, {"fiscalDateEnding": "2021-12-31", "reportedCurrency": "USD", "grossProfit": "122925000", "totalRevenue": "214449000", "costOfRevenue": "91524000", "costofGoodsAndServicesSold": "91524000", "operatingIncome": "-6995000", "sellingGeneralAndAdministrative": "68331000", "researchAndDevelopment": "63686000", "operatingExpenses": "129919999", "investmentIncomeNet": "None", "netInterestIncome": "-8573000", "interestIncome": "None", "interestExpense": "8573000", "nonInterestIncome": "None", "otherNonOperatingIncome": "None", "depreciation": "None", "depreciationAndAmortization": "52383000", "incomeBeforeTax": "-22618000", "incomeTaxExpense": "-7429000", "interestAndDebtExpense": "None", "netIncomeFromContinuingOperations": "-15189000", "comprehensiveIncomeNetOfTax": "None", "ebit": "-14045000", "ebitda": "38338000", "netIncome": "-14559000"}, {"fiscalDateEnding": "2021-09-30", "reportedCurrency": "USD", "grossProfit": "127646000", "totalRevenue": "219379000", "costOfRevenue": "91733000", "costofGoodsAndServicesSold": "91733000", "operatingIncome": "4202000", "sellingGeneralAndAdministrative": "62627000", "researchAndDevelopment": "58766000", "operatingExpenses": "123444000", "investmentIncomeNet": "None", "netInterestIncome": "-8532000", "interestIncome": "None", "interestExpense": "8532000", "nonInterestIncome": "None", "otherNonOperatingIncome": "None", "depreciation": "None", "depreciationAndAmortization": "59184000", "incomeBeforeTax": "-3679000", "incomeTaxExpense": "42698000", "interestAndDebtExpense": "None", "netIncomeFromContinuingOperations": "-46377000", "comprehensiveIncomeNetOfTax": "None", "ebit": "4853000", "ebitda": "64037000", "netIncome": "-45067000"}, {"fiscalDateEnding": "2021-06-30", "reportedCurrency": "USD", "grossProfit": "137632000", "totalRevenue": "222272000", "costOfRevenue": "84640000", "costofGoodsAndServicesSold": "84640000", "operatingIncome": "17456000", "sellingGeneralAndAdministrative": "None", "researchAndDevelopment": "54408000", "operatingExpenses": "120176000", "investmentIncomeNet": "None", "netInterestIncome": "None", "interestIncome": "None", "interestExpense": "10555000", "nonInterestIncome": "None", "otherNonOperatingIncome": "None", "depreciation": "None", "depreciationAndAmortization": "57756000", "incomeBeforeTax": "-4749000", "incomeTaxExpense": "-2876000", "interestAndDebtExpense": "None", "netIncomeFromContinuingOperations": "None", "comprehensiveIncomeNetOfTax": "None", "ebit": "5806000", "ebitda": "63562000", "netIncome": "-1118000"}, {"fiscalDateEnding": "2021-03-31", "reportedCurrency": "USD", "grossProfit": "135585000", "totalRevenue": "221596000", "costOfRevenue": "86011000", "costofGoodsAndServicesSold": "86011000", "operatingIncome": "12932000", "sellingGeneralAndAdministrative": "None", "researchAndDevelopment": "55223000", "operatingExpenses": "122653000", "investmentIncomeNet": "None", "netInterestIncome": "None", "interestIncome": "None", "interestExpense": "11313000", "nonInterestIncome": "None", "otherNonOperatingIncome": "None", "depreciation": "None", "depreciationAndAmortization": "57879000", "incomeBeforeTax": "511000", "incomeTaxExpense": "-4014999", "interestAndDebtExpense": "None", "netIncomeFromContinuingOperations": "None", "comprehensiveIncomeNetOfTax": "None", "ebit": "11824000", "ebitda": "69703000", "netIncome": "5287000"}, {"fiscalDateEnding": "2020-12-31", "reportedCurrency": "USD", "grossProfit": "343422000", "totalRevenue": "433927000", "costOfRevenue": "90505000", "costofGoodsAndServicesSold": "90505000", "operatingIncome": "196063000", "sellingGeneralAndAdministrative": "65370000", "researchAndDevelopment": "70589000", "operatingExpenses": "147359000", "investmentIncomeNet": "None", "netInterestIncome": "None", "interestIncome": "None", "interestExpense": "13271000", "nonInterestIncome": "None", "otherNonOperatingIncome": "None", "depreciation": "None", "depreciationAndAmortization": "57482000", "incomeBeforeTax": "177518000", "incomeTaxExpense": "-1126000", "interestAndDebtExpense": "None", "netIncomeFromContinuingOperations": "None", "comprehensiveIncomeNetOfTax": "None", "ebit": "190789000", "ebitda": "248271000", "netIncome": "179791000"}, {"fiscalDateEnding": "2020-09-30", "reportedCurrency": "USD", "grossProfit": "111080000", "totalRevenue": "202797000", "costOfRevenue": "91717000", "costofGoodsAndServicesSold": "91717000", "operatingIncome": "-10436000", "sellingGeneralAndAdministrative": "None", "researchAndDevelopment": "57731000", "operatingExpenses": "121516000", "investmentIncomeNet": "None", "netInterestIncome": "None", "interestIncome": "None", "interestExpense": "13393000", "nonInterestIncome": "None", "otherNonOperatingIncome": "None", "depreciation": "None", "depreciationAndAmortization": "57647000", "incomeBeforeTax": "-30051000", "incomeTaxExpense": "482000", "interestAndDebtExpense": "None", "netIncomeFromContinuingOperations": "None", "comprehensiveIncomeNetOfTax": "None", "ebit": "-16658000", "ebitda": "40989000", "netIncome": "-29752000"}, {"fiscalDateEnding": "2020-06-30", "reportedCurrency": "USD", "grossProfit": "92574000", "totalRevenue": "137631000", "costOfRevenue": "45057000", "costofGoodsAndServicesSold": "45057000", "operatingIncome": "-13848000", "sellingGeneralAndAdministrative": "None", "researchAndDevelopment": "38227000", "operatingExpenses": "106422000", "investmentIncomeNet": "None", "netInterestIncome": "None", "interestIncome": "None", "interestExpense": "6958000", "nonInterestIncome": "None", "otherNonOperatingIncome": "None", "depreciation": "None", "depreciationAndAmortization": "35377000", "incomeBeforeTax": "-32399000", "incomeTaxExpense": "-9299000", "interestAndDebtExpense": "None", "netIncomeFromContinuingOperations": "None", "comprehensiveIncomeNetOfTax": "None", "ebit": "-25441001", "ebitda": "9935999", "netIncome": "-22613000"}, {"fiscalDateEnding": "2020-03-31", "reportedCurrency": "USD", "grossProfit": "91843000", "totalRevenue": "117665000", "costOfRevenue": "25822000", "costofGoodsAndServicesSold": "25822000", "operatingIncome": "26630000", "sellingGeneralAndAdministrative": "None", "researchAndDevelopment": "27410000", "operatingExpenses": "65212999", "investmentIncomeNet": "None", "netInterestIncome": "None", "interestIncome": "None", "interestExpense": "4251000", "nonInterestIncome": "None", "otherNonOperatingIncome": "None", "depreciation": "None", "depreciationAndAmortization": "24238000", "incomeBeforeTax": "20841000", "incomeTaxExpense": "2056000", "interestAndDebtExpense": "None", "netIncomeFromContinuingOperations": "None", "comprehensiveIncomeNetOfTax": "None", "ebit": "25092000", "ebitda": "49330000", "netIncome": "19336000"}, {"fiscalDateEnding": "2019-12-31", "reportedCurrency": "USD", "grossProfit": "62607000", "totalRevenue": "90518000", "costOfRevenue": "27911000", "costofGoodsAndServicesSold": "27911000", "operatingIncome": "-3789000", "sellingGeneralAndAdministrative": "29828000", "researchAndDevelopment": "33232999", "operatingExpenses": "66396000", "investmentIncomeNet": "None", "netInterestIncome": "None", "interestIncome": "None", "interestExpense": "4987000", "nonInterestIncome": "None", "otherNonOperatingIncome": "None", "depreciation": "None", "depreciationAndAmortization": "25692000", "incomeBeforeTax": "-8364000", "incomeTaxExpense": "8055999", "interestAndDebtExpense": "None", "netIncomeFromContinuingOperations": "None", "comprehensiveIncomeNetOfTax": "None", "ebit": "-3377000", "ebitda": "22315000", "netIncome": "-16012000"}, {"fiscalDateEnding": "2019-09-30", "reportedCurrency": "USD", "grossProfit": "29616000", "totalRevenue": "57867000", "costOfRevenue": "28251000", "costofGoodsAndServicesSold": "28251000", "operatingIncome": "-24000000", "sellingGeneralAndAdministrative": "None", "researchAndDevelopment": "26369000", "operatingExpenses": "53616000", "investmentIncomeNet": "None", "netInterestIncome": "None", "interestIncome": "None", "interestExpense": "5506000", "nonInterestIncome": "None", "otherNonOperatingIncome": "None", "depreciation": "None", "depreciationAndAmortization": "26746000", "incomeBeforeTax": "-30604000", "incomeTaxExpense": "-14583000", "interestAndDebtExpense": "None", "netIncomeFromContinuingOperations": "None", "comprehensiveIncomeNetOfTax": "None", "ebit": "-25098000", "ebitda": "1648000", "netIncome": "-15614000"}, {"fiscalDateEnding": "2019-06-30", "reportedCurrency": "USD", "grossProfit": "47272000", "totalRevenue": "75115000", "costOfRevenue": "27843000", "costofGoodsAndServicesSold": "27843000", "operatingIncome": "-7085000", "sellingGeneralAndAdministrative": "None", "researchAndDevelopment": "25704000", "operatingExpenses": "54357000", "investmentIncomeNet": "None", "netInterestIncome": "None", "interestIncome": "None", "interestExpense": "6199000", "nonInterestIncome": "None", "otherNonOperatingIncome": "None", "depreciation": "None", "depreciationAndAmortization": "27073000", "incomeBeforeTax": "-9709000", "incomeTaxExpense": "-3547000", "interestAndDebtExpense": "None", "netIncomeFromContinuingOperations": "None", "comprehensiveIncomeNetOfTax": "None", "ebit": "-3510000", "ebitda": "23563000", "netIncome": "-5821000"}, {"fiscalDateEnding": "2019-03-31", "reportedCurrency": "USD", "grossProfit": "28901000", "totalRevenue": "56567000", "costOfRevenue": "27666000", "costofGoodsAndServicesSold": "27666000", "operatingIncome": "-28707000", "sellingGeneralAndAdministrative": "None", "researchAndDevelopment": "27039000", "operatingExpenses": "57608000", "investmentIncomeNet": "None", "netInterestIncome": "None", "interestIncome": "None", "interestExpense": "6685000", "nonInterestIncome": "None", "otherNonOperatingIncome": "None", "depreciation": "None", "depreciationAndAmortization": "27127000", "incomeBeforeTax": "-34380000", "incomeTaxExpense": "-8950000", "interestAndDebtExpense": "None", "netIncomeFromContinuingOperations": "None", "comprehensiveIncomeNetOfTax": "None", "ebit": "-27695000", "ebitda": "-568000", "netIncome": "-25083000"}, {"fiscalDateEnding": "2018-12-31", "reportedCurrency": "USD", "grossProfit": "173521000", "totalRevenue": "204282000", "costOfRevenue": "30761000", "costofGoodsAndServicesSold": "30761000", "operatingIncome": "108344000", "sellingGeneralAndAdministrative": "None", "researchAndDevelopment": "30532000", "operatingExpenses": "65177000", "investmentIncomeNet": "None", "netInterestIncome": "None", "interestIncome": "None", "interestExpense": "6804000", "nonInterestIncome": "None", "otherNonOperatingIncome": "None", "depreciation": "None", "depreciationAndAmortization": "28480000", "incomeBeforeTax": "98509000", "incomeTaxExpense": "17223000", "interestAndDebtExpense": "None", "netIncomeFromContinuingOperations": "None", "comprehensiveIncomeNetOfTax": "None", "ebit": "104360000", "ebitda": "132840000", "netIncome": "82760000"}, {"fiscalDateEnding": "2018-09-30", "reportedCurrency": "USD", "grossProfit": "40154000", "totalRevenue": "72365000", "costOfRevenue": "32211000", "costofGoodsAndServicesSold": "32211000", "operatingIncome": "-12119000", "sellingGeneralAndAdministrative": "None", "researchAndDevelopment": "24189000", "operatingExpenses": "52273000", "investmentIncomeNet": "None", "netInterestIncome": "None", "interestIncome": "None", "interestExpense": "6343000", "nonInterestIncome": "None", "otherNonOperatingIncome": "None", "depreciation": "None", "depreciationAndAmortization": "28844000", "incomeBeforeTax": "-24367000", "incomeTaxExpense": "-2591000", "interestAndDebtExpense": "None", "netIncomeFromContinuingOperations": "None", "comprehensiveIncomeNetOfTax": "None", "ebit": "-18024000", "ebitda": "10820000", "netIncome": "-21776000"}, {"fiscalDateEnding": "2018-06-30", "reportedCurrency": "USD", "grossProfit": "34675000", "totalRevenue": "63954000", "costOfRevenue": "29279000", "costofGoodsAndServicesSold": "29279000", "operatingIncome": "-20971000", "sellingGeneralAndAdministrative": "None", "researchAndDevelopment": "25170000", "operatingExpenses": "55646000", "investmentIncomeNet": "None", "netInterestIncome": "None", "interestIncome": "None", "interestExpense": "6200000", "nonInterestIncome": "None", "otherNonOperatingIncome": "None", "depreciation": "None", "depreciationAndAmortization": "28861000", "incomeBeforeTax": "-31577000", "incomeTaxExpense": "-3321000", "interestAndDebtExpense": "None", "netIncomeFromContinuingOperations": "None", "comprehensiveIncomeNetOfTax": "None", "ebit": "-25377000", "ebitda": "3484000", "netIncome": "-28256000"}, {"fiscalDateEnding": "2018-03-31", "reportedCurrency": "USD", "grossProfit": "34267000", "totalRevenue": "65532000", "costOfRevenue": "31265000", "costofGoodsAndServicesSold": "31265000", "operatingIncome": "-24075000", "sellingGeneralAndAdministrative": "None", "researchAndDevelopment": "26515000", "operatingExpenses": "58342000", "investmentIncomeNet": "None", "netInterestIncome": "None", "interestIncome": "None", "interestExpense": "6318000", "nonInterestIncome": "None", "otherNonOperatingIncome": "None", "depreciation": "None", "depreciationAndAmortization": "28941000", "incomeBeforeTax": "-35655000", "incomeTaxExpense": "-2638000", "interestAndDebtExpense": "None", "netIncomeFromContinuingOperations": "None", "comprehensiveIncomeNetOfTax": "None", "ebit": "-29337000", "ebitda": "-396000", "netIncome": "-33017000"}, {"fiscalDateEnding": "2017-12-31", "reportedCurrency": "USD", "grossProfit": "95453000", "totalRevenue": "126647000", "costOfRevenue": "31194000", "costofGoodsAndServicesSold": "31194000", "operatingIncome": "33124000", "sellingGeneralAndAdministrative": "None", "researchAndDevelopment": "27684000", "operatingExpenses": "62329000", "investmentIncomeNet": "None", "netInterestIncome": "None", "interestIncome": "None", "interestExpense": "7416000", "nonInterestIncome": "None", "otherNonOperatingIncome": "None", "depreciation": "None", "depreciationAndAmortization": "29256000", "incomeBeforeTax": "17023000", "incomeTaxExpense": "11379000", "interestAndDebtExpense": "None", "netIncomeFromContinuingOperations": "None", "comprehensiveIncomeNetOfTax": "None", "ebit": "24439000", "ebitda": "53695000", "netIncome": "5644000"}, {"fiscalDateEnding": "2017-09-30", "reportedCurrency": "USD", "grossProfit": "57372000", "totalRevenue": "88508000", "costOfRevenue": "31136000", "costofGoodsAndServicesSold": "31136000", "operatingIncome": "-763000", "sellingGeneralAndAdministrative": "None", "researchAndDevelopment": "25840000", "operatingExpenses": "58135000", "investmentIncomeNet": "None", "netInterestIncome": "None", "interestIncome": "None", "interestExpense": "7371000", "nonInterestIncome": "None", "otherNonOperatingIncome": "None", "depreciation": "None", "depreciationAndAmortization": "29469000", "incomeBeforeTax": "-16558000", "incomeTaxExpense": "-4442000", "interestAndDebtExpense": "None", "netIncomeFromContinuingOperations": "None", "comprehensiveIncomeNetOfTax": "None", "ebit": "-9187000", "ebitda": "20282000", "netIncome": "-12116000"}, {"fiscalDateEnding": "2017-06-30", "reportedCurrency": "USD", "grossProfit": "60088000", "totalRevenue": "91322000", "costOfRevenue": "31234000", "costofGoodsAndServicesSold": "31234000", "operatingIncome": "2552000", "sellingGeneralAndAdministrative": "None", "researchAndDevelopment": "26313000", "operatingExpenses": "57536000", "investmentIncomeNet": "None", "netInterestIncome": "None", "interestIncome": "None", "interestExpense": "7046000", "nonInterestIncome": "None", "otherNonOperatingIncome": "None", "depreciation": "None", "depreciationAndAmortization": "29931000", "incomeBeforeTax": "-12500000", "incomeTaxExpense": "26557000", "interestAndDebtExpense": "None", "netIncomeFromContinuingOperations": "None", "comprehensiveIncomeNetOfTax": "None", "ebit": "-5454000", "ebitda": "24477000", "netIncome": "-39057000"}, {"fiscalDateEnding": "2017-03-31", "reportedCurrency": "USD", "grossProfit": "35466000", "totalRevenue": "67255000", "costOfRevenue": "31789000", "costofGoodsAndServicesSold": "31789000", "operatingIncome": "-29917000", "sellingGeneralAndAdministrative": "None", "researchAndDevelopment": "26012000", "operatingExpenses": "65382999", "investmentIncomeNet": "None", "netInterestIncome": "None", "interestIncome": "None", "interestExpense": "6459000", "nonInterestIncome": "None", "otherNonOperatingIncome": "None", "depreciation": "None", "depreciationAndAmortization": "30389000", "incomeBeforeTax": "-46308000", "incomeTaxExpense": "-35279000", "interestAndDebtExpense": "None", "netIncomeFromContinuingOperations": "None", "comprehensiveIncomeNetOfTax": "None", "ebit": "-39849000", "ebitda": "-9460000", "netIncome": "-11029000"}, {"fiscalDateEnding": "2016-12-31", "reportedCurrency": "USD", "grossProfit": "55110000", "totalRevenue": "70135000", "costOfRevenue": "15025000", "costofGoodsAndServicesSold": "15025000", "operatingIncome": "26923000", "sellingGeneralAndAdministrative": "None", "researchAndDevelopment": "15740000", "operatingExpenses": "28187000", "investmentIncomeNet": "None", "netInterestIncome": "None", "interestIncome": "None", "interestExpense": "2409000", "nonInterestIncome": "None", "otherNonOperatingIncome": "None", "depreciation": "None", "depreciationAndAmortization": "14712000", "incomeBeforeTax": "-6653000", "incomeTaxExpense": "2649000", "interestAndDebtExpense": "None", "netIncomeFromContinuingOperations": "None", "comprehensiveIncomeNetOfTax": "None", "ebit": "-4244000", "ebitda": "10468000", "netIncome": "-9302000"}, {"fiscalDateEnding": "2016-09-30", "reportedCurrency": "USD", "grossProfit": "55375000", "totalRevenue": "62433000", "costOfRevenue": "7058000", "costofGoodsAndServicesSold": "7058000", "operatingIncome": "35169000", "sellingGeneralAndAdministrative": "None", "researchAndDevelopment": "8622000", "operatingExpenses": "20206000", "investmentIncomeNet": "None", "netInterestIncome": "None", "interestIncome": "None", "interestExpense": "None", "nonInterestIncome": "None", "otherNonOperatingIncome": "None", "depreciation": "None", "depreciationAndAmortization": "6959000", "incomeBeforeTax": "35453000", "incomeTaxExpense": "11634000", "interestAndDebtExpense": "None", "netIncomeFromContinuingOperations": "None", "comprehensiveIncomeNetOfTax": "None", "ebit": "35453000", "ebitda": "42412000", "netIncome": "23819000"}, {"fiscalDateEnding": "2016-06-30", "reportedCurrency": "USD", "grossProfit": "66968000", "totalRevenue": "67020000", "costOfRevenue": "52000", "costofGoodsAndServicesSold": "52000", "operatingIncome": "34152000", "sellingGeneralAndAdministrative": "None", "researchAndDevelopment": "10306000", "operatingExpenses": "27524000", "investmentIncomeNet": "None", "netInterestIncome": "None", "interestIncome": "None", "interestExpense": "None", "nonInterestIncome": "None", "otherNonOperatingIncome": "None", "depreciation": "None", "depreciationAndAmortization": "6477000", "incomeBeforeTax": "34954000", "incomeTaxExpense": "11471000", "interestAndDebtExpense": "None", "netIncomeFromContinuingOperations": "None", "comprehensiveIncomeNetOfTax": "None", "ebit": "34954000", "ebitda": "41431000", "netIncome": "23483000"}, {"fiscalDateEnding": "2016-03-31", "reportedCurrency": "USD", "grossProfit": "59890000", "totalRevenue": "59977000", "costOfRevenue": "87000", "costofGoodsAndServicesSold": "87000", "operatingIncome": "26155000", "sellingGeneralAndAdministrative": "None", "researchAndDevelopment": "10069000", "operatingExpenses": "27185000", "investmentIncomeNet": "None", "netInterestIncome": "None", "interestIncome": "None", "interestExpense": "None", "nonInterestIncome": "None", "otherNonOperatingIncome": "None", "depreciation": "None", "depreciationAndAmortization": "6407000", "incomeBeforeTax": "26962000", "incomeTaxExpense": "8872000", "interestAndDebtExpense": "None", "netIncomeFromContinuingOperations": "None", "comprehensiveIncomeNetOfTax": "None", "ebit": "26962000", "ebitda": "33369000", "netIncome": "18090000"}, {"fiscalDateEnding": "2015-12-31", "reportedCurrency": "USD", "grossProfit": "61640000", "totalRevenue": "61836000", "costOfRevenue": "196000", "costofGoodsAndServicesSold": "196000", "operatingIncome": "33455000", "sellingGeneralAndAdministrative": "None", "researchAndDevelopment": "8400000", "operatingExpenses": "25011000", "investmentIncomeNet": "None", "netInterestIncome": "None", "interestIncome": "None", "interestExpense": "None", "nonInterestIncome": "None", "otherNonOperatingIncome": "None", "depreciation": "None", "depreciationAndAmortization": "6051000", "incomeBeforeTax": "34715000", "incomeTaxExpense": "11870000", "interestAndDebtExpense": "None", "netIncomeFromContinuingOperations": "None", "comprehensiveIncomeNetOfTax": "None", "ebit": "37020000", "ebitda": "43071000", "netIncome": "22812000"}, {"fiscalDateEnding": "2015-09-30", "reportedCurrency": "USD", "grossProfit": "67364000", "totalRevenue": "67426000", "costOfRevenue": "62000", "costofGoodsAndServicesSold": "62000", "operatingIncome": "39777000", "sellingGeneralAndAdministrative": "None", "researchAndDevelopment": "8551000", "operatingExpenses": "24649000", "investmentIncomeNet": "None", "netInterestIncome": "None", "interestIncome": "None", "interestExpense": "None", "nonInterestIncome": "None", "otherNonOperatingIncome": "None", "depreciation": "None", "depreciationAndAmortization": "5563000", "incomeBeforeTax": "40532000", "incomeTaxExpense": "7596000", "interestAndDebtExpense": "None", "netIncomeFromContinuingOperations": "None", "comprehensiveIncomeNetOfTax": "None", "ebit": "42715000", "ebitda": "48278000", "netIncome": "32499000"}, {"fiscalDateEnding": "2015-06-30", "reportedCurrency": "USD", "grossProfit": "64022000", "totalRevenue": "64188000", "costOfRevenue": "166000", "costofGoodsAndServicesSold": "166000", "operatingIncome": "36827000", "sellingGeneralAndAdministrative": "None", "researchAndDevelopment": "7866000", "operatingExpenses": "23676000", "investmentIncomeNet": "None", "netInterestIncome": "None", "interestIncome": "None", "interestExpense": "None", "nonInterestIncome": "None", "otherNonOperatingIncome": "None", "depreciation": "None", "depreciationAndAmortization": "4691000", "incomeBeforeTax": "37597000", "incomeTaxExpense": "11828000", "interestAndDebtExpense": "None", "netIncomeFromContinuingOperations": "None", "comprehensiveIncomeNetOfTax": "None", "ebit": "40744000", "ebitda": "45435000", "netIncome": "26111000"}, {"fiscalDateEnding": "2015-03-31", "reportedCurrency": "USD", "grossProfit": "79708000", "totalRevenue": "79850000", "costOfRevenue": "142000", "costofGoodsAndServicesSold": "142000", "operatingIncome": "52144000", "sellingGeneralAndAdministrative": "None", "researchAndDevelopment": "7368000", "operatingExpenses": "23060000", "investmentIncomeNet": "None", "netInterestIncome": "None", "interestIncome": "None", "interestExpense": "None", "nonInterestIncome": "None", "otherNonOperatingIncome": "None", "depreciation": "None", "depreciationAndAmortization": "5120000", "incomeBeforeTax": "52791000", "incomeTaxExpense": "17224000", "interestAndDebtExpense": "None", "netIncomeFromContinuingOperations": "None", "comprehensiveIncomeNetOfTax": "None", "ebit": "56648000", "ebitda": "61768000", "netIncome": "35595000"}, {"fiscalDateEnding": "2014-12-31", "reportedCurrency": "USD", "grossProfit": "59768000", "totalRevenue": "59924000", "costOfRevenue": "156000", "costofGoodsAndServicesSold": "156000", "operatingIncome": "46968000", "sellingGeneralAndAdministrative": "None", "researchAndDevelopment": "8397000", "operatingExpenses": "22603000", "investmentIncomeNet": "None", "netInterestIncome": "None", "interestIncome": "None", "interestExpense": "None", "nonInterestIncome": "None", "otherNonOperatingIncome": "None", "depreciation": "None", "depreciationAndAmortization": "5102000", "incomeBeforeTax": "47417000", "incomeTaxExpense": "11098000", "interestAndDebtExpense": "None", "netIncomeFromContinuingOperations": "None", "comprehensiveIncomeNetOfTax": "None", "ebit": "37166000", "ebitda": "42268000", "netIncome": "37090000"}, {"fiscalDateEnding": "2014-09-30", "reportedCurrency": "USD", "grossProfit": "93091000", "totalRevenue": "93334000", "costOfRevenue": "243000", "costofGoodsAndServicesSold": "243000", "operatingIncome": "61989000", "sellingGeneralAndAdministrative": "None", "researchAndDevelopment": "10327000", "operatingExpenses": "25214000", "investmentIncomeNet": "None", "netInterestIncome": "None", "interestIncome": "None", "interestExpense": "None", "nonInterestIncome": "None", "otherNonOperatingIncome": "None", "depreciation": "None", "depreciationAndAmortization": "5019000", "incomeBeforeTax": "62327000", "incomeTaxExpense": "-40357000", "interestAndDebtExpense": "None", "netIncomeFromContinuingOperations": "None", "comprehensiveIncomeNetOfTax": "None", "ebit": "67876000", "ebitda": "72895000", "netIncome": "108696000"}, {"fiscalDateEnding": "2014-06-30", "reportedCurrency": "USD", "grossProfit": "36764000", "totalRevenue": "37213000", "costOfRevenue": "449000", "costofGoodsAndServicesSold": "449000", "operatingIncome": "960000", "sellingGeneralAndAdministrative": "None", "researchAndDevelopment": "10107000", "operatingExpenses": "25102000", "investmentIncomeNet": "None", "netInterestIncome": "None", "interestIncome": "None", "interestExpense": "None", "nonInterestIncome": "None", "otherNonOperatingIncome": "None", "depreciation": "None", "depreciationAndAmortization": "5054000", "incomeBeforeTax": "1392000", "incomeTaxExpense": "-1124000", "interestAndDebtExpense": "None", "netIncomeFromContinuingOperations": "None", "comprehensiveIncomeNetOfTax": "None", "ebit": "11662000", "ebitda": "16716000", "netIncome": "3771000"}, {"fiscalDateEnding": "2014-03-31", "reportedCurrency": "USD", "grossProfit": "87739000", "totalRevenue": "88336000", "costOfRevenue": "597000", "costofGoodsAndServicesSold": "597000", "operatingIncome": "55781000", "sellingGeneralAndAdministrative": "None", "researchAndDevelopment": "8647000", "operatingExpenses": "23968000", "investmentIncomeNet": "None", "netInterestIncome": "None", "interestIncome": "None", "interestExpense": "None", "nonInterestIncome": "None", "otherNonOperatingIncome": "None", "depreciation": "None", "depreciationAndAmortization": "5131000", "incomeBeforeTax": "56111000", "incomeTaxExpense": "22686000", "interestAndDebtExpense": "None", "netIncomeFromContinuingOperations": "None", "comprehensiveIncomeNetOfTax": "None", "ebit": "63771000", "ebitda": "68902000", "netIncome": "20898000"}, {"fiscalDateEnding": "2013-12-31", "reportedCurrency": "USD", "grossProfit": "55533000", "totalRevenue": "56370000", "costOfRevenue": "837000", "costofGoodsAndServicesSold": "837000", "operatingIncome": "-44162000", "sellingGeneralAndAdministrative": "None", "researchAndDevelopment": "22061000", "operatingExpenses": "38209000", "investmentIncomeNet": "None", "netInterestIncome": "None", "interestIncome": "None", "interestExpense": "None", "nonInterestIncome": "None", "otherNonOperatingIncome": "None", "depreciation": "None", "depreciationAndAmortization": "8046000", "incomeBeforeTax": "-43622000", "incomeTaxExpense": "2539000", "interestAndDebtExpense": "None", "netIncomeFromContinuingOperations": "None", "comprehensiveIncomeNetOfTax": "None", "ebit": "17159000", "ebitda": "25205000", "netIncome": "-47884000"}, {"fiscalDateEnding": "2013-09-30", "reportedCurrency": "USD", "grossProfit": "36410000", "totalRevenue": "37260000", "costOfRevenue": "850000", "costofGoodsAndServicesSold": "850000", "operatingIncome": "-18976000", "sellingGeneralAndAdministrative": "None", "researchAndDevelopment": "20852000", "operatingExpenses": "38285000", "investmentIncomeNet": "None", "netInterestIncome": "None", "interestIncome": "None", "interestExpense": "None", "nonInterestIncome": "None", "otherNonOperatingIncome": "None", "depreciation": "None", "depreciationAndAmortization": "9198000", "incomeBeforeTax": "-18558000", "incomeTaxExpense": "40484000", "interestAndDebtExpense": "None", "netIncomeFromContinuingOperations": "None", "comprehensiveIncomeNetOfTax": "None", "ebit": "12738000", "ebitda": "21936000", "netIncome": "-70969000"}, {"fiscalDateEnding": "2013-06-30", "reportedCurrency": "USD", "grossProfit": "45600000", "totalRevenue": "46614000", "costOfRevenue": "1014000", "costofGoodsAndServicesSold": "1014000", "operatingIncome": "-22565000", "sellingGeneralAndAdministrative": "None", "researchAndDevelopment": "20170000", "operatingExpenses": "44812000", "investmentIncomeNet": "None", "netInterestIncome": "None", "interestIncome": "None", "interestExpense": "None", "nonInterestIncome": "None", "otherNonOperatingIncome": "None", "depreciation": "None", "depreciationAndAmortization": "9718000", "incomeBeforeTax": "-22079000", "incomeTaxExpense": "1899000", "interestAndDebtExpense": "None", "netIncomeFromContinuingOperations": "None", "comprehensiveIncomeNetOfTax": "None", "ebit": "15235000", "ebitda": "24953000", "netIncome": "-15814000"}, {"fiscalDateEnding": "2013-03-31", "reportedCurrency": "USD", "grossProfit": "23182000", "totalRevenue": "31124000", "costOfRevenue": "7942000", "costofGoodsAndServicesSold": "7942000", "operatingIncome": "-64517000", "sellingGeneralAndAdministrative": "None", "researchAndDevelopment": "25949000", "operatingExpenses": "51199000", "investmentIncomeNet": "None", "netInterestIncome": "None", "interestIncome": "None", "interestExpense": "None", "nonInterestIncome": "None", "otherNonOperatingIncome": "None", "depreciation": "None", "depreciationAndAmortization": "11305000", "incomeBeforeTax": "-64181000", "incomeTaxExpense": "-19558000", "interestAndDebtExpense": "None", "netIncomeFromContinuingOperations": "None", "comprehensiveIncomeNetOfTax": "None", "ebit": "-2817000", "ebitda": "8488000", "netIncome": "-44623000"}, {"fiscalDateEnding": "2012-12-31", "reportedCurrency": "USD", "grossProfit": "40975000", "totalRevenue": "53236000", "costOfRevenue": "12261000", "costofGoodsAndServicesSold": "12261000", "operatingIncome": "-26150000", "sellingGeneralAndAdministrative": "None", "researchAndDevelopment": "27551000", "operatingExpenses": "51188000", "investmentIncomeNet": "None", "netInterestIncome": "None", "interestIncome": "None", "interestExpense": "None", "nonInterestIncome": "None", "otherNonOperatingIncome": "None", "depreciation": "None", "depreciationAndAmortization": "11200000", "incomeBeforeTax": "-25658000", "incomeTaxExpense": "-6017000", "interestAndDebtExpense": "None", "netIncomeFromContinuingOperations": "None", "comprehensiveIncomeNetOfTax": "None", "ebit": "-11013000", "ebitda": "187000", "netIncome": "-19641000"}, {"fiscalDateEnding": "2012-09-30", "reportedCurrency": "USD", "grossProfit": "55942000", "totalRevenue": "72690000", "costOfRevenue": "16748000", "costofGoodsAndServicesSold": "16748000", "operatingIncome": "-2372000", "sellingGeneralAndAdministrative": "33699000", "researchAndDevelopment": "24615000", "operatingExpenses": "58314000", "investmentIncomeNet": "None", "netInterestIncome": "None", "interestIncome": "None", "interestExpense": "None", "nonInterestIncome": "None", "otherNonOperatingIncome": "None", "depreciation": "None", "depreciationAndAmortization": "10832000", "incomeBeforeTax": "1353000", "incomeTaxExpense": "2465000", "interestAndDebtExpense": "None", "netIncomeFromContinuingOperations": "None", "comprehensiveIncomeNetOfTax": "None", "ebit": "13882000", "ebitda": "24714000", "netIncome": "-1112000"}, {"fiscalDateEnding": "2012-06-30", "reportedCurrency": "USD", "grossProfit": "55827000", "totalRevenue": "61424000", "costOfRevenue": "5597000", "costofGoodsAndServicesSold": "5597000", "operatingIncome": "-204000", "sellingGeneralAndAdministrative": "31161000", "researchAndDevelopment": "24870000", "operatingExpenses": "56031000", "investmentIncomeNet": "None", "netInterestIncome": "None", "interestIncome": "None", "interestExpense": "None", "nonInterestIncome": "None", "otherNonOperatingIncome": "None", "depreciation": "None", "depreciationAndAmortization": "9185000", "incomeBeforeTax": "783000", "incomeTaxExpense": "1192000", "interestAndDebtExpense": "None", "netIncomeFromContinuingOperations": "None", "comprehensiveIncomeNetOfTax": "None", "ebit": "-10376000", "ebitda": "-1191000", "netIncome": "-409000"}, {"fiscalDateEnding": "2012-03-31", "reportedCurrency": "USD", "grossProfit": "40913000", "totalRevenue": "46673000", "costOfRevenue": "5760000", "costofGoodsAndServicesSold": "5760000", "operatingIncome": "-10635000", "sellingGeneralAndAdministrative": "28103000", "researchAndDevelopment": "23445000", "operatingExpenses": "48056000", "investmentIncomeNet": "None", "netInterestIncome": "None", "interestIncome": "None", "interestExpense": "None", "nonInterestIncome": "None", "otherNonOperatingIncome": "None", "depreciation": "None", "depreciationAndAmortization": "9057000", "incomeBeforeTax": "-9967000", "incomeTaxExpense": "-1879000", "interestAndDebtExpense": "None", "netIncomeFromContinuingOperations": "None", "comprehensiveIncomeNetOfTax": "None", "ebit": "-13376000", "ebitda": "-4319000", "netIncome": "-8088000"}, {"fiscalDateEnding": "2011-12-31", "reportedCurrency": "USD", "grossProfit": "49705000", "totalRevenue": "56731000", "costOfRevenue": "7026000", "costofGoodsAndServicesSold": "7026000", "operatingIncome": "2336000", "sellingGeneralAndAdministrative": "None", "researchAndDevelopment": "19888000", "operatingExpenses": "40595000", "investmentIncomeNet": "None", "netInterestIncome": "None", "interestIncome": "None", "interestExpense": "None", "nonInterestIncome": "None", "otherNonOperatingIncome": "None", "depreciation": "None", "depreciationAndAmortization": "7361000", "incomeBeforeTax": "2955000", "incomeTaxExpense": "317000", "interestAndDebtExpense": "None", "netIncomeFromContinuingOperations": "None", "comprehensiveIncomeNetOfTax": "None", "ebit": "9110000", "ebitda": "16471000", "netIncome": "2638000"}, {"fiscalDateEnding": "2011-09-30", "reportedCurrency": "USD", "grossProfit": "53748000", "totalRevenue": "59342000", "costOfRevenue": "5594000", "costofGoodsAndServicesSold": "5594000", "operatingIncome": "-47024000", "sellingGeneralAndAdministrative": "None", "researchAndDevelopment": "18690000", "operatingExpenses": "39122000", "investmentIncomeNet": "None", "netInterestIncome": "None", "interestIncome": "None", "interestExpense": "None", "nonInterestIncome": "None", "otherNonOperatingIncome": "None", "depreciation": "None", "depreciationAndAmortization": "6806000", "incomeBeforeTax": "-46334000", "incomeTaxExpense": "-1598000", "interestAndDebtExpense": "None", "netIncomeFromContinuingOperations": "None", "comprehensiveIncomeNetOfTax": "None", "ebit": "14626000", "ebitda": "21432000", "netIncome": "-44736000"}, {"fiscalDateEnding": "2011-06-30", "reportedCurrency": "USD", "grossProfit": "65369000", "totalRevenue": "70730000", "costOfRevenue": "5361000", "costofGoodsAndServicesSold": "5361000", "operatingIncome": "16601000", "sellingGeneralAndAdministrative": "29983000", "researchAndDevelopment": "18785000", "operatingExpenses": "41560000", "investmentIncomeNet": "None", "netInterestIncome": "None", "interestIncome": "None", "interestExpense": "None", "nonInterestIncome": "None", "otherNonOperatingIncome": "None", "depreciation": "None", "depreciationAndAmortization": "6645000", "incomeBeforeTax": "17327000", "incomeTaxExpense": "5741000", "interestAndDebtExpense": "None", "netIncomeFromContinuingOperations": "None", "comprehensiveIncomeNetOfTax": "None", "ebit": "16601000", "ebitda": "23246000", "netIncome": "11586000"}, {"fiscalDateEnding": "2011-03-31", "reportedCurrency": "USD", "grossProfit": "62261000", "totalRevenue": "67773000", "costOfRevenue": "5512000", "costofGoodsAndServicesSold": "5512000", "operatingIncome": "16129000", "sellingGeneralAndAdministrative": "None", "researchAndDevelopment": "18613000", "operatingExpenses": "44073000", "investmentIncomeNet": "None", "netInterestIncome": "None", "interestIncome": "None", "interestExpense": "None", "nonInterestIncome": "None", "otherNonOperatingIncome": "None", "depreciation": "None", "depreciationAndAmortization": "6584000", "incomeBeforeTax": "16737000", "incomeTaxExpense": "5525000", "interestAndDebtExpense": "None", "netIncomeFromContinuingOperations": "None", "comprehensiveIncomeNetOfTax": "None", "ebit": "13055000", "ebitda": "19639000", "netIncome": "11212000"}, {"fiscalDateEnding": "2010-12-31", "reportedCurrency": "USD", "grossProfit": "75139000", "totalRevenue": "80443000", "costOfRevenue": "5304000", "costofGoodsAndServicesSold": "5304000", "operatingIncome": "25400000", "sellingGeneralAndAdministrative": "None", "researchAndDevelopment": "19176000", "operatingExpenses": "24342000", "investmentIncomeNet": "None", "netInterestIncome": "None", "interestIncome": "None", "interestExpense": "None", "nonInterestIncome": "None", "otherNonOperatingIncome": "None", "depreciation": "None", "depreciationAndAmortization": "6799000", "incomeBeforeTax": "26325000", "incomeTaxExpense": "12817000", "interestAndDebtExpense": "None", "netIncomeFromContinuingOperations": "None", "comprehensiveIncomeNetOfTax": "None", "ebit": "50797000", "ebitda": "57596000", "netIncome": "13508000"}, {"fiscalDateEnding": "2010-09-30", "reportedCurrency": "USD", "grossProfit": "76619000", "totalRevenue": "82111000", "costOfRevenue": "5492000", "costofGoodsAndServicesSold": "5492000", "operatingIncome": "32066000", "sellingGeneralAndAdministrative": "None", "researchAndDevelopment": "20769000", "operatingExpenses": "44553000", "investmentIncomeNet": "None", "netInterestIncome": "None", "interestIncome": "None", "interestExpense": "None", "nonInterestIncome": "None", "otherNonOperatingIncome": "None", "depreciation": "None", "depreciationAndAmortization": "6633000", "incomeBeforeTax": "32782000", "incomeTaxExpense": "13754000", "interestAndDebtExpense": "None", "netIncomeFromContinuingOperations": "None", "comprehensiveIncomeNetOfTax": "None", "ebit": "24717000", "ebitda": "31350000", "netIncome": "19028000"}, {"fiscalDateEnding": "2010-06-30", "reportedCurrency": "USD", "grossProfit": "68789000", "totalRevenue": "74577000", "costOfRevenue": "5788000", "costofGoodsAndServicesSold": "5788000", "operatingIncome": "25954000", "sellingGeneralAndAdministrative": "None", "researchAndDevelopment": "18340000", "operatingExpenses": "42835000", "investmentIncomeNet": "None", "netInterestIncome": "None", "interestIncome": "None", "interestExpense": "None", "nonInterestIncome": "None", "otherNonOperatingIncome": "None", "depreciation": "None", "depreciationAndAmortization": "6737000", "incomeBeforeTax": "26396000", "incomeTaxExpense": "11413000", "interestAndDebtExpense": "None", "netIncomeFromContinuingOperations": "None", "comprehensiveIncomeNetOfTax": "None", "ebit": "25954000", "ebitda": "32691000", "netIncome": "14983000"}, {"fiscalDateEnding": "2010-03-31", "reportedCurrency": "USD", "grossProfit": "59069000", "totalRevenue": "64262000", "costOfRevenue": "5193000", "costofGoodsAndServicesSold": "5193000", "operatingIncome": "17401000", "sellingGeneralAndAdministrative": "None", "researchAndDevelopment": "15813000", "operatingExpenses": "41668000", "investmentIncomeNet": "None", "netInterestIncome": "None", "interestIncome": "None", "interestExpense": "None", "nonInterestIncome": "None", "otherNonOperatingIncome": "None", "depreciation": "None", "depreciationAndAmortization": "6061000", "incomeBeforeTax": "17922000", "incomeTaxExpense": "8095000", "interestAndDebtExpense": "None", "netIncomeFromContinuingOperations": "None", "comprehensiveIncomeNetOfTax": "None", "ebit": "17401000", "ebitda": "23462000", "netIncome": "9827000"}, {"fiscalDateEnding": "2009-12-31", "reportedCurrency": "USD", "grossProfit": "51440000", "totalRevenue": "56470000", "costOfRevenue": "5030000", "costofGoodsAndServicesSold": "5030000", "operatingIncome": "11334000", "sellingGeneralAndAdministrative": "None", "researchAndDevelopment": "15629000", "operatingExpenses": "13975000", "investmentIncomeNet": "None", "netInterestIncome": "None", "interestIncome": "None", "interestExpense": "None", "nonInterestIncome": "None", "otherNonOperatingIncome": "None", "depreciation": "None", "depreciationAndAmortization": "5957000", "incomeBeforeTax": "12405000", "incomeTaxExpense": "6048000", "interestAndDebtExpense": "None", "netIncomeFromContinuingOperations": "None", "comprehensiveIncomeNetOfTax": "None", "ebit": "37465000", "ebitda": "43422000", "netIncome": "6357000"}, {"fiscalDateEnding": "2009-09-30", "reportedCurrency": "USD", "grossProfit": "62182000", "totalRevenue": "66123000", "costOfRevenue": "3941000", "costofGoodsAndServicesSold": "3941000", "operatingIncome": "19881000", "sellingGeneralAndAdministrative": "None", "researchAndDevelopment": "16780000", "operatingExpenses": "36235000", "investmentIncomeNet": "None", "netInterestIncome": "None", "interestIncome": "None", "interestExpense": "None", "nonInterestIncome": "None", "otherNonOperatingIncome": "None", "depreciation": "None", "depreciationAndAmortization": "5501000", "incomeBeforeTax": "20471000", "incomeTaxExpense": "8337000", "interestAndDebtExpense": "None", "netIncomeFromContinuingOperations": "None", "comprehensiveIncomeNetOfTax": "None", "ebit": "19881000", "ebitda": "25382000", "netIncome": "12134000"}, {"fiscalDateEnding": "2009-06-30", "reportedCurrency": "USD", "grossProfit": "58369000", "totalRevenue": "62271000", "costOfRevenue": "3902000", "costofGoodsAndServicesSold": "3902000", "operatingIncome": "18700000", "sellingGeneralAndAdministrative": "None", "researchAndDevelopment": "16849000", "operatingExpenses": "34131000", "investmentIncomeNet": "None", "netInterestIncome": "None", "interestIncome": "None", "interestExpense": "None", "nonInterestIncome": "None", "otherNonOperatingIncome": "None", "depreciation": "None", "depreciationAndAmortization": "5118000", "incomeBeforeTax": "19796000", "incomeTaxExpense": "7960000", "interestAndDebtExpense": "None", "netIncomeFromContinuingOperations": "None", "comprehensiveIncomeNetOfTax": "None", "ebit": "18700000", "ebitda": "23818000", "netIncome": "11836000"}, {"fiscalDateEnding": "2009-03-31", "reportedCurrency": "USD", "grossProfit": "110478000", "totalRevenue": "114576000", "costOfRevenue": "4098000", "costofGoodsAndServicesSold": "4098000", "operatingIncome": "67727000", "sellingGeneralAndAdministrative": "None", "researchAndDevelopment": "16630000", "operatingExpenses": "42751000", "investmentIncomeNet": "None", "netInterestIncome": "None", "interestIncome": "None", "interestExpense": "None", "nonInterestIncome": "None", "otherNonOperatingIncome": "None", "depreciation": "None", "depreciationAndAmortization": "4985000", "incomeBeforeTax": "70489000", "incomeTaxExpense": "31020000", "interestAndDebtExpense": "None", "netIncomeFromContinuingOperations": "None", "comprehensiveIncomeNetOfTax": "None", "ebit": "67727000", "ebitda": "72712000", "netIncome": "39469000"}, {"fiscalDateEnding": "2008-12-31", "reportedCurrency": "USD", "grossProfit": "65180000", "totalRevenue": "69125000", "costOfRevenue": "3945000", "costofGoodsAndServicesSold": "3945000", "operatingIncome": "12021000", "sellingGeneralAndAdministrative": "None", "researchAndDevelopment": "16654000", "operatingExpenses": "-31149000", "investmentIncomeNet": "None", "netInterestIncome": "None", "interestIncome": "None", "interestExpense": "None", "nonInterestIncome": "None", "otherNonOperatingIncome": "None", "depreciation": "None", "depreciationAndAmortization": "4958000", "incomeBeforeTax": "11828000", "incomeTaxExpense": "4139000", "interestAndDebtExpense": "None", "netIncomeFromContinuingOperations": "None", "comprehensiveIncomeNetOfTax": "None", "ebit": "96329000", "ebitda": "101287000", "netIncome": "7689000"}, {"fiscalDateEnding": "2008-09-30", "reportedCurrency": "USD", "grossProfit": "59427000", "totalRevenue": "63501000", "costOfRevenue": "4074000", "costofGoodsAndServicesSold": "4074000", "operatingIncome": "-3554000", "sellingGeneralAndAdministrative": "None", "researchAndDevelopment": "15898000", "operatingExpenses": "62981000", "investmentIncomeNet": "None", "netInterestIncome": "None", "interestIncome": "None", "interestExpense": "None", "nonInterestIncome": "None", "otherNonOperatingIncome": "None", "depreciation": "None", "depreciationAndAmortization": "4644000", "incomeBeforeTax": "-4587000", "incomeTaxExpense": "770000", "interestAndDebtExpense": "None", "netIncomeFromContinuingOperations": "None", "comprehensiveIncomeNetOfTax": "None", "ebit": "-3554000", "ebitda": "1090000", "netIncome": "-5357000"}, {"fiscalDateEnding": "2008-06-30", "reportedCurrency": "USD", "grossProfit": "51919000", "totalRevenue": "56314000", "costOfRevenue": "4395000", "costofGoodsAndServicesSold": "4395000", "operatingIncome": "2283000", "sellingGeneralAndAdministrative": "None", "researchAndDevelopment": "14894000", "operatingExpenses": "49636000", "investmentIncomeNet": "None", "netInterestIncome": "None", "interestIncome": "None", "interestExpense": "None", "nonInterestIncome": "None", "otherNonOperatingIncome": "None", "depreciation": "None", "depreciationAndAmortization": "4920000", "incomeBeforeTax": "3762000", "incomeTaxExpense": "3678000", "interestAndDebtExpense": "None", "netIncomeFromContinuingOperations": "None", "comprehensiveIncomeNetOfTax": "None", "ebit": "2283000", "ebitda": "7203000", "netIncome": "84000"}, {"fiscalDateEnding": "2008-03-31", "reportedCurrency": "USD", "grossProfit": "55019000", "totalRevenue": "59351000", "costOfRevenue": "4332000", "costofGoodsAndServicesSold": "4332000", "operatingIncome": "5349000", "sellingGeneralAndAdministrative": "None", "researchAndDevelopment": "14153000", "operatingExpenses": "49670000", "investmentIncomeNet": "None", "netInterestIncome": "None", "interestIncome": "None", "interestExpense": "None", "nonInterestIncome": "None", "otherNonOperatingIncome": "None", "depreciation": "None", "depreciationAndAmortization": "4269000", "incomeBeforeTax": "8183000", "incomeTaxExpense": "5957000", "interestAndDebtExpense": "None", "netIncomeFromContinuingOperations": "None", "comprehensiveIncomeNetOfTax": "None", "ebit": "5349000", "ebitda": "9618000", "netIncome": "2226000"}, {"fiscalDateEnding": "2007-12-31", "reportedCurrency": "USD", "grossProfit": "49249000", "totalRevenue": "53040000", "costOfRevenue": "3791000", "costofGoodsAndServicesSold": "3791000", "operatingIncome": "16113000", "sellingGeneralAndAdministrative": "None", "researchAndDevelopment": "10420000", "operatingExpenses": "33136000", "investmentIncomeNet": "None", "netInterestIncome": "None", "interestIncome": "None", "interestExpense": "None", "nonInterestIncome": "None", "otherNonOperatingIncome": "None", "depreciation": "None", "depreciationAndAmortization": "3701000", "incomeBeforeTax": "19368000", "incomeTaxExpense": "6366000", "interestAndDebtExpense": "None", "netIncomeFromContinuingOperations": "None", "comprehensiveIncomeNetOfTax": "None", "ebit": "16113000", "ebitda": "19814000", "netIncome": "13002000"}, {"fiscalDateEnding": "2007-09-30", "reportedCurrency": "USD", "grossProfit": "45551000", "totalRevenue": "49154000", "costOfRevenue": "3603000", "costofGoodsAndServicesSold": "3603000", "operatingIncome": "17976000", "sellingGeneralAndAdministrative": "None", "researchAndDevelopment": "9920000", "operatingExpenses": "27575000", "investmentIncomeNet": "None", "netInterestIncome": "None", "interestIncome": "None", "interestExpense": "None", "nonInterestIncome": "None", "otherNonOperatingIncome": "None", "depreciation": "None", "depreciationAndAmortization": "3497000", "incomeBeforeTax": "21056000", "incomeTaxExpense": "9874000", "interestAndDebtExpense": "None", "netIncomeFromContinuingOperations": "None", "comprehensiveIncomeNetOfTax": "None", "ebit": "17976000", "ebitda": "21473000", "netIncome": "11182000"}, {"fiscalDateEnding": "2007-06-30", "reportedCurrency": "USD", "grossProfit": "41063000", "totalRevenue": "46675000", "costOfRevenue": "5612000", "costofGoodsAndServicesSold": "5612000", "operatingIncome": "14441000", "sellingGeneralAndAdministrative": "None", "researchAndDevelopment": "8833000", "operatingExpenses": "26622000", "investmentIncomeNet": "None", "netInterestIncome": "None", "interestIncome": "None", "interestExpense": "None", "nonInterestIncome": "None", "otherNonOperatingIncome": "None", "depreciation": "None", "depreciationAndAmortization": "3554000", "incomeBeforeTax": "17289000", "incomeTaxExpense": "7429000", "interestAndDebtExpense": "None", "netIncomeFromContinuingOperations": "None", "comprehensiveIncomeNetOfTax": "None", "ebit": "14441000", "ebitda": "17995000", "netIncome": "9860000"}, {"fiscalDateEnding": "2007-03-31", "reportedCurrency": "USD", "grossProfit": "42117000", "totalRevenue": "46819000", "costOfRevenue": "4702000", "costofGoodsAndServicesSold": "4702000", "operatingIncome": "17610000", "sellingGeneralAndAdministrative": "None", "researchAndDevelopment": "8353000", "operatingExpenses": "24507000", "investmentIncomeNet": "None", "netInterestIncome": "None", "interestIncome": "None", "interestExpense": "None", "nonInterestIncome": "None", "otherNonOperatingIncome": "None", "depreciation": "None", "depreciationAndAmortization": "2858000", "incomeBeforeTax": "20368000", "incomeTaxExpense": "9274000", "interestAndDebtExpense": "None", "netIncomeFromContinuingOperations": "None", "comprehensiveIncomeNetOfTax": "None", "ebit": "17610000", "ebitda": "20468000", "netIncome": "11094000"}, {"fiscalDateEnding": "2006-12-31", "reportedCurrency": "USD", "grossProfit": "44526000", "totalRevenue": "50262000", "costOfRevenue": "5736000", "costofGoodsAndServicesSold": "5736000", "operatingIncome": "20834000", "sellingGeneralAndAdministrative": "None", "researchAndDevelopment": "7474000", "operatingExpenses": "23692000", "investmentIncomeNet": "None", "netInterestIncome": "None", "interestIncome": "None", "interestExpense": "None", "nonInterestIncome": "None", "otherNonOperatingIncome": "None", "depreciation": "None", "depreciationAndAmortization": "2548000", "incomeBeforeTax": "22932000", "incomeTaxExpense": "9095000", "interestAndDebtExpense": "None", "netIncomeFromContinuingOperations": "None", "comprehensiveIncomeNetOfTax": "None", "ebit": "20834000", "ebitda": "23382000", "netIncome": "13837000"}, {"fiscalDateEnding": "2006-09-30", "reportedCurrency": "USD", "grossProfit": "104340000", "totalRevenue": "110541000", "costOfRevenue": "6201000", "costofGoodsAndServicesSold": "6201000", "operatingIncome": "78907000", "sellingGeneralAndAdministrative": "None", "researchAndDevelopment": "5317000", "operatingExpenses": "25433000", "investmentIncomeNet": "None", "netInterestIncome": "None", "interestIncome": "None", "interestExpense": "None", "nonInterestIncome": "None", "otherNonOperatingIncome": "None", "depreciation": "None", "depreciationAndAmortization": "2245000", "incomeBeforeTax": "80584000", "incomeTaxExpense": "33229000", "interestAndDebtExpense": "None", "netIncomeFromContinuingOperations": "None", "comprehensiveIncomeNetOfTax": "None", "ebit": "78907000", "ebitda": "81152000", "netIncome": "47355000"}, {"fiscalDateEnding": "2006-06-30", "reportedCurrency": "USD", "grossProfit": "20269000", "totalRevenue": "24259000", "costOfRevenue": "3990000", "costofGoodsAndServicesSold": "3990000", "operatingIncome": "-3232000", "sellingGeneralAndAdministrative": "None", "researchAndDevelopment": "3396000", "operatingExpenses": "23501000", "investmentIncomeNet": "None", "netInterestIncome": "None", "interestIncome": "None", "interestExpense": "None", "nonInterestIncome": "None", "otherNonOperatingIncome": "None", "depreciation": "None", "depreciationAndAmortization": "1216000", "incomeBeforeTax": "-1713000", "incomeTaxExpense": "-501000", "interestAndDebtExpense": "None", "netIncomeFromContinuingOperations": "None", "comprehensiveIncomeNetOfTax": "None", "ebit": "-3232000", "ebitda": "-2016000", "netIncome": "-1212000"}, {"fiscalDateEnding": "2006-03-31", "reportedCurrency": "USD", "grossProfit": "20232000", "totalRevenue": "23664000", "costOfRevenue": "3432000", "costofGoodsAndServicesSold": "3432000", "operatingIncome": "2486000", "sellingGeneralAndAdministrative": "None", "researchAndDevelopment": "3876000", "operatingExpenses": "17746000", "investmentIncomeNet": "None", "netInterestIncome": "None", "interestIncome": "None", "interestExpense": "None", "nonInterestIncome": "None", "otherNonOperatingIncome": "None", "depreciation": "None", "depreciationAndAmortization": "1240000", "incomeBeforeTax": "3691000", "incomeTaxExpense": "2320000", "interestAndDebtExpense": "None", "netIncomeFromContinuingOperations": "None", "comprehensiveIncomeNetOfTax": "None", "ebit": "2486000", "ebitda": "3726000", "netIncome": "1371000"}, {"fiscalDateEnding": "2005-12-31", "reportedCurrency": "USD", "grossProfit": "20592000", "totalRevenue": "24596000", "costOfRevenue": "4004000", "costofGoodsAndServicesSold": "4004000", "operatingIncome": "9381000", "sellingGeneralAndAdministrative": "None", "researchAndDevelopment": "2076000", "operatingExpenses": "11211000", "investmentIncomeNet": "None", "netInterestIncome": "None", "interestIncome": "None", "interestExpense": "None", "nonInterestIncome": "None", "otherNonOperatingIncome": "None", "depreciation": "None", "depreciationAndAmortization": "553000", "incomeBeforeTax": "10509000", "incomeTaxExpense": "3758000", "interestAndDebtExpense": "None", "netIncomeFromContinuingOperations": "None", "comprehensiveIncomeNetOfTax": "None", "ebit": "9381000", "ebitda": "9934000", "netIncome": "6751000"}, {"fiscalDateEnding": "2005-09-30", "reportedCurrency": "USD", "grossProfit": "16685000", "totalRevenue": "19744000", "costOfRevenue": "3059000", "costofGoodsAndServicesSold": "3059000", "operatingIncome": "6867000", "sellingGeneralAndAdministrative": "None", "researchAndDevelopment": "1882000", "operatingExpenses": "9818000", "investmentIncomeNet": "None", "netInterestIncome": "None", "interestIncome": "None", "interestExpense": "None", "nonInterestIncome": "None", "otherNonOperatingIncome": "None", "depreciation": "None", "depreciationAndAmortization": "490000", "incomeBeforeTax": "7934000", "incomeTaxExpense": "2904000", "interestAndDebtExpense": "None", "netIncomeFromContinuingOperations": "None", "comprehensiveIncomeNetOfTax": "None", "ebit": "6867000", "ebitda": "7357000", "netIncome": "5030000"}]}