{"symbol": "ABUS", "annualReports": [{"fiscalDateEnding": "2024-12-31", "reportedCurrency": "USD", "grossProfit": "6171000", "totalRevenue": "6171000", "costOfRevenue": "1380000", "costofGoodsAndServicesSold": "1380000", "operatingIncome": "-76319000", "sellingGeneralAndAdministrative": "22108000", "researchAndDevelopment": "54037000", "operatingExpenses": "82490000", "investmentIncomeNet": "None", "netInterestIncome": "6448000", "interestIncome": "6585000", "interestExpense": "137000", "nonInterestIncome": "None", "otherNonOperatingIncome": "None", "depreciation": "None", "depreciationAndAmortization": "1380000", "incomeBeforeTax": "-69920000", "incomeTaxExpense": "None", "interestAndDebtExpense": "None", "netIncomeFromContinuingOperations": "-69920000", "comprehensiveIncomeNetOfTax": "None", "ebit": "-69783000", "ebitda": "-68403000", "netIncome": "-69920000"}, {"fiscalDateEnding": "2023-12-31", "reportedCurrency": "USD", "grossProfit": "18141000", "totalRevenue": "18141000", "costOfRevenue": "73700000", "costofGoodsAndServicesSold": "73700000", "operatingIncome": "-78103000", "sellingGeneralAndAdministrative": "22475000", "researchAndDevelopment": "73700000", "operatingExpenses": "96244000", "investmentIncomeNet": "None", "netInterestIncome": "4442000", "interestIncome": "5166000", "interestExpense": "459000", "nonInterestIncome": "None", "otherNonOperatingIncome": "None", "depreciation": "None", "depreciationAndAmortization": "1404000", "incomeBeforeTax": "-72849000", "incomeTaxExpense": "-1", "interestAndDebtExpense": "None", "netIncomeFromContinuingOperations": "-75469000", "comprehensiveIncomeNetOfTax": "None", "ebit": "-72390000", "ebitda": "-70986000", "netIncome": "-72849000"}, {"fiscalDateEnding": "2022-12-31", "reportedCurrency": "USD", "grossProfit": "39019000", "totalRevenue": "39019000", "costOfRevenue": "1427000", "costofGoodsAndServicesSold": "1427000", "operatingIncome": "-65456000", "sellingGeneralAndAdministrative": "17834000", "researchAndDevelopment": "84408000", "operatingExpenses": "104475000", "investmentIncomeNet": "None", "netInterestIncome": "466000", "interestIncome": "2192000", "interestExpense": "1726000", "nonInterestIncome": "None", "otherNonOperatingIncome": "2170000", "depreciation": "None", "depreciationAndAmortization": "1427000", "incomeBeforeTax": "-65012000", "incomeTaxExpense": "4444000", "interestAndDebtExpense": "None", "netIncomeFromContinuingOperations": "-69456000", "comprehensiveIncomeNetOfTax": "None", "ebit": "-63286000", "ebitda": "-61859000", "netIncome": "-69456000"}, {"fiscalDateEnding": "2021-12-31", "reportedCurrency": "USD", "grossProfit": "10988000", "totalRevenue": "10988000", "costOfRevenue": "1753000", "costofGoodsAndServicesSold": "1753000", "operatingIncome": "-73522000", "sellingGeneralAndAdministrative": "17136000", "researchAndDevelopment": "65502000", "operatingExpenses": "84510000", "investmentIncomeNet": "None", "netInterestIncome": "-2730000", "interestIncome": "127000", "interestExpense": "2857000", "nonInterestIncome": "None", "otherNonOperatingIncome": "132000", "depreciation": "None", "depreciationAndAmortization": "1753000", "incomeBeforeTax": "-76247000", "incomeTaxExpense": "1104000", "interestAndDebtExpense": "None", "netIncomeFromContinuingOperations": "-76247000", "comprehensiveIncomeNetOfTax": "None", "ebit": "-73390000", "ebitda": "-71637000", "netIncome": "-76247000"}, {"fiscalDateEnding": "2020-12-31", "reportedCurrency": "USD", "grossProfit": "-40567000", "totalRevenue": "6914000", "costOfRevenue": "47481000", "costofGoodsAndServicesSold": "47481000", "operatingIncome": "-57806000", "sellingGeneralAndAdministrative": "14845000", "researchAndDevelopment": "49338000", "operatingExpenses": "17239000", "investmentIncomeNet": "None", "netInterestIncome": "-3270000", "interestIncome": "741000", "interestExpense": "4011000", "nonInterestIncome": "None", "otherNonOperatingIncome": "-1928000", "depreciation": "None", "depreciationAndAmortization": "1978000", "incomeBeforeTax": "-63745000", "incomeTaxExpense": "1466000", "interestAndDebtExpense": "None", "netIncomeFromContinuingOperations": "-63745000", "comprehensiveIncomeNetOfTax": "None", "ebit": "-59734000", "ebitda": "-57756000", "netIncome": "-63745000"}, {"fiscalDateEnding": "2019-12-31", "reportedCurrency": "USD", "grossProfit": "-51590000", "totalRevenue": "6011000", "costOfRevenue": "57601000", "costofGoodsAndServicesSold": "57601000", "operatingIncome": "-143901000", "sellingGeneralAndAdministrative": "17727000", "researchAndDevelopment": "57601000", "operatingExpenses": "92311000", "investmentIncomeNet": "None", "netInterestIncome": "3000", "interestIncome": "2111000", "interestExpense": "2108000", "nonInterestIncome": "None", "otherNonOperatingIncome": "24847000", "depreciation": "None", "depreciationAndAmortization": "2028000", "incomeBeforeTax": "-166379000", "incomeTaxExpense": "-12656000", "interestAndDebtExpense": "None", "netIncomeFromContinuingOperations": "-153723000", "comprehensiveIncomeNetOfTax": "None", "ebit": "-164271000", "ebitda": "-162243000", "netIncome": "-153723000"}, {"fiscalDateEnding": "2018-12-31", "reportedCurrency": "USD", "grossProfit": "-52000000", "totalRevenue": "5900000", "costOfRevenue": "57900000", "costofGoodsAndServicesSold": "57900000", "operatingIncome": "-89800000", "sellingGeneralAndAdministrative": "16000000", "researchAndDevelopment": "57900000", "operatingExpenses": "76100000", "investmentIncomeNet": "None", "netInterestIncome": "2821000", "interestIncome": "3047000", "interestExpense": "200000", "nonInterestIncome": "None", "otherNonOperatingIncome": "28664000", "depreciation": "None", "depreciationAndAmortization": "2181000", "incomeBeforeTax": "-61400000", "incomeTaxExpense": "-4300000", "interestAndDebtExpense": "None", "netIncomeFromContinuingOperations": "-57060000", "comprehensiveIncomeNetOfTax": "None", "ebit": "-61134000", "ebitda": "-58953000", "netIncome": "-57100000"}, {"fiscalDateEnding": "2017-12-31", "reportedCurrency": "USD", "grossProfit": "-52000000", "totalRevenue": "10700000", "costOfRevenue": "62700000", "costofGoodsAndServicesSold": "62700000", "operatingIncome": "-110900000", "sellingGeneralAndAdministrative": "16100000", "researchAndDevelopment": "62700000", "operatingExpenses": "80800000", "investmentIncomeNet": "None", "netInterestIncome": "1277000", "interestIncome": "1538000", "interestExpense": "261000", "nonInterestIncome": "None", "otherNonOperatingIncome": "2458000", "depreciation": "None", "depreciationAndAmortization": "2027000", "incomeBeforeTax": "-108700000", "incomeTaxExpense": "-24300000", "interestAndDebtExpense": "None", "netIncomeFromContinuingOperations": "-84413000", "comprehensiveIncomeNetOfTax": "None", "ebit": "-108472000", "ebitda": "-106445000", "netIncome": "-84400000"}, {"fiscalDateEnding": "2016-12-31", "reportedCurrency": "USD", "grossProfit": "-59800000", "totalRevenue": "1500000", "costOfRevenue": "61300000", "costofGoodsAndServicesSold": "61300000", "operatingIncome": "-491600000", "sellingGeneralAndAdministrative": "39400000", "researchAndDevelopment": "61300000", "operatingExpenses": "101800000", "investmentIncomeNet": "None", "netInterestIncome": "1391000", "interestIncome": "1391000", "interestExpense": "1391000", "nonInterestIncome": "None", "otherNonOperatingIncome": "2473000", "depreciation": "None", "depreciationAndAmortization": "1092000", "incomeBeforeTax": "-489100000", "incomeTaxExpense": "-105000000", "interestAndDebtExpense": "None", "netIncomeFromContinuingOperations": "-384164000", "comprehensiveIncomeNetOfTax": "None", "ebit": "-489166000", "ebitda": "-488074000", "netIncome": "-384100000"}, {"fiscalDateEnding": "2015-12-31", "reportedCurrency": "USD", "grossProfit": "-26632000", "totalRevenue": "24873000", "costOfRevenue": "51505000", "costofGoodsAndServicesSold": "51505000", "operatingIncome": "-102322000", "sellingGeneralAndAdministrative": "26438000", "researchAndDevelopment": "51505000", "operatingExpenses": "78532000", "investmentIncomeNet": "None", "netInterestIncome": "None", "interestIncome": "25786000", "interestExpense": "674000", "nonInterestIncome": "None", "otherNonOperatingIncome": "25016000", "depreciation": "None", "depreciationAndAmortization": "589000", "incomeBeforeTax": "-77306000", "incomeTaxExpense": "-16185000", "interestAndDebtExpense": "None", "netIncomeFromContinuingOperations": "-61121000", "comprehensiveIncomeNetOfTax": "None", "ebit": "-77306000", "ebitda": "-76717000", "netIncome": "-61121000"}, {"fiscalDateEnding": "2014-12-31", "reportedCurrency": "USD", "grossProfit": "-23700000", "totalRevenue": "15000000", "costOfRevenue": "38700000", "costofGoodsAndServicesSold": "38700000", "operatingIncome": "-33000000", "sellingGeneralAndAdministrative": "8700000", "researchAndDevelopment": "38700000", "operatingExpenses": "47900000", "investmentIncomeNet": "None", "netInterestIncome": "None", "interestIncome": "None", "interestExpense": "853000", "nonInterestIncome": "None", "otherNonOperatingIncome": "-5403000", "depreciation": "None", "depreciationAndAmortization": "500000", "incomeBeforeTax": "-38700000", "incomeTaxExpense": "100000", "interestAndDebtExpense": "None", "netIncomeFromContinuingOperations": "-38375000", "comprehensiveIncomeNetOfTax": "None", "ebit": "-32943000", "ebitda": "-32443000", "netIncome": "-38800000"}, {"fiscalDateEnding": "2013-12-31", "reportedCurrency": "USD", "grossProfit": "-5994108", "totalRevenue": "15464150", "costOfRevenue": "21458258", "costofGoodsAndServicesSold": "21458258", "operatingIncome": "-12153218", "sellingGeneralAndAdministrative": "5546273", "researchAndDevelopment": "21458258", "operatingExpenses": "27617368", "investmentIncomeNet": "None", "netInterestIncome": "None", "interestIncome": "None", "interestExpense": "539996", "nonInterestIncome": "None", "otherNonOperatingIncome": "-1911008", "depreciation": "None", "depreciationAndAmortization": "612837", "incomeBeforeTax": "-14064226", "incomeTaxExpense": "1911008", "interestAndDebtExpense": "None", "netIncomeFromContinuingOperations": "-14064226", "comprehensiveIncomeNetOfTax": "None", "ebit": "-12151837", "ebitda": "-11539000", "netIncome": "-14064226"}, {"fiscalDateEnding": "2012-12-31", "reportedCurrency": "USD", "grossProfit": "-3944634", "totalRevenue": "14180792", "costOfRevenue": "18125426", "costofGoodsAndServicesSold": "18125426", "operatingIncome": "-12991977.52", "sellingGeneralAndAdministrative": "26892605", "researchAndDevelopment": "18125426", "operatingExpenses": "-19489430.35", "investmentIncomeNet": "None", "netInterestIncome": "None", "interestIncome": "None", "interestExpense": "47000", "nonInterestIncome": "None", "otherNonOperatingIncome": "None", "depreciation": "None", "depreciationAndAmortization": "869536", "incomeBeforeTax": "29947878", "incomeTaxExpense": "3722344", "interestAndDebtExpense": "None", "netIncomeFromContinuingOperations": "0", "comprehensiveIncomeNetOfTax": "None", "ebit": "33313464", "ebitda": "34183000", "netIncome": "29947878"}, {"fiscalDateEnding": "2011-12-31", "reportedCurrency": "USD", "grossProfit": "-3185138", "totalRevenue": "16304547", "costOfRevenue": "19489685", "costofGoodsAndServicesSold": "19489685", "operatingIncome": "-10323237.02", "sellingGeneralAndAdministrative": "6182651.32", "researchAndDevelopment": "19514563.11", "operatingExpenses": "7138098", "investmentIncomeNet": "None", "netInterestIncome": "None", "interestIncome": "None", "interestExpense": "76907", "nonInterestIncome": "None", "otherNonOperatingIncome": "None", "depreciation": "None", "depreciationAndAmortization": "955447", "incomeBeforeTax": "-9854826.64", "incomeTaxExpense": "-590694.42", "interestAndDebtExpense": "None", "netIncomeFromContinuingOperations": "0", "comprehensiveIncomeNetOfTax": "None", "ebit": "-10013001", "ebitda": "-9057554", "netIncome": "-9732542.61"}, {"fiscalDateEnding": "2010-12-31", "reportedCurrency": "USD", "grossProfit": "-779120", "totalRevenue": "21351322", "costOfRevenue": "22130442", "costofGoodsAndServicesSold": "22130442", "operatingIncome": "-12513309.87", "sellingGeneralAndAdministrative": "4779980", "researchAndDevelopment": "22133983000000", "operatingExpenses": "11734190", "investmentIncomeNet": "None", "netInterestIncome": "None", "interestIncome": "None", "interestExpense": "106939.89", "nonInterestIncome": "None", "otherNonOperatingIncome": "None", "depreciation": "None", "depreciationAndAmortization": "1038406", "incomeBeforeTax": "-12520433.73", "incomeTaxExpense": "-99816.03", "interestAndDebtExpense": "None", "netIncomeFromContinuingOperations": "0", "comprehensiveIncomeNetOfTax": "None", "ebit": "-12083684", "ebitda": "-11045278", "netIncome": "-12413493.84"}, {"fiscalDateEnding": "2009-12-31", "reportedCurrency": "USD", "grossProfit": "-3185907", "totalRevenue": "13779405", "costOfRevenue": "16965312", "costofGoodsAndServicesSold": "16965312", "operatingIncome": "-9065907.75", "sellingGeneralAndAdministrative": "3965753", "researchAndDevelopment": "16885931.56", "operatingExpenses": "5880000", "investmentIncomeNet": "None", "netInterestIncome": "None", "interestIncome": "None", "interestExpense": "156332.73", "nonInterestIncome": "None", "otherNonOperatingIncome": "None", "depreciation": "None", "depreciationAndAmortization": "1914247", "incomeBeforeTax": "-9482000.76", "incomeTaxExpense": "259760", "interestAndDebtExpense": "None", "netIncomeFromContinuingOperations": "0", "comprehensiveIncomeNetOfTax": "None", "ebit": "-8649813.80", "ebitda": "-6735566.80", "netIncome": "-9325668.04"}, {"fiscalDateEnding": "2008-12-31", "reportedCurrency": "USD", "grossProfit": "-3608567", "totalRevenue": "9639750", "costOfRevenue": "13248317", "costofGoodsAndServicesSold": "13248317", "operatingIncome": "-10949027.94", "sellingGeneralAndAdministrative": "3618757.60", "researchAndDevelopment": "13250328.73", "operatingExpenses": "4733603", "investmentIncomeNet": "None", "netInterestIncome": "None", "interestIncome": "None", "interestExpense": "0", "nonInterestIncome": "None", "otherNonOperatingIncome": "None", "depreciation": "None", "depreciationAndAmortization": "1114846", "incomeBeforeTax": "-11718096.96", "incomeTaxExpense": "3375925", "interestAndDebtExpense": "None", "netIncomeFromContinuingOperations": "0", "comprehensiveIncomeNetOfTax": "None", "ebit": "-8342171.39", "ebitda": "-7227325.39", "netIncome": "-11718096.96"}, {"fiscalDateEnding": "2007-12-31", "reportedCurrency": "USD", "grossProfit": "15923349", "totalRevenue": "15923349", "costOfRevenue": "12790207.69", "costofGoodsAndServicesSold": "12790207.69", "operatingIncome": "2639090", "sellingGeneralAndAdministrative": "4442618", "researchAndDevelopment": "8429988", "operatingExpenses": "13284259", "investmentIncomeNet": "None", "netInterestIncome": "None", "interestIncome": "None", "interestExpense": "1022703.22", "nonInterestIncome": "None", "otherNonOperatingIncome": "None", "depreciation": "None", "depreciationAndAmortization": "411652", "incomeBeforeTax": "-2582570.94", "incomeTaxExpense": "0", "interestAndDebtExpense": "None", "netIncomeFromContinuingOperations": "0", "comprehensiveIncomeNetOfTax": "None", "ebit": "2639090", "ebitda": "3050742", "netIncome": "-2582570.94"}, {"fiscalDateEnding": "2006-12-31", "reportedCurrency": "USD", "grossProfit": "7418234", "totalRevenue": "13604331", "costOfRevenue": "6186097", "costofGoodsAndServicesSold": "6186097", "operatingIncome": "-1681219.11", "sellingGeneralAndAdministrative": "3853303.02", "researchAndDevelopment": "4525636", "operatingExpenses": "9099453", "investmentIncomeNet": "None", "netInterestIncome": "None", "interestIncome": "None", "interestExpense": "1606665", "nonInterestIncome": "None", "otherNonOperatingIncome": "None", "depreciation": "None", "depreciationAndAmortization": "599773", "incomeBeforeTax": "18078221", "incomeTaxExpense": "-2306.11", "interestAndDebtExpense": "None", "netIncomeFromContinuingOperations": "0", "comprehensiveIncomeNetOfTax": "None", "ebit": "20371303", "ebitda": "20971076", "netIncome": "18080527"}, {"fiscalDateEnding": "2005-12-31", "reportedCurrency": "USD", "grossProfit": "13291041", "totalRevenue": "13291041", "costOfRevenue": "12509433.96", "costofGoodsAndServicesSold": "12509433.96", "operatingIncome": "-5957897.37", "sellingGeneralAndAdministrative": "3784925.09", "researchAndDevelopment": "8763227", "operatingExpenses": "14378746", "investmentIncomeNet": "None", "netInterestIncome": "None", "interestIncome": "None", "interestExpense": "0", "nonInterestIncome": "None", "otherNonOperatingIncome": "None", "depreciation": "None", "depreciationAndAmortization": "2397485", "incomeBeforeTax": "-7671034.10", "incomeTaxExpense": "388324", "interestAndDebtExpense": "None", "netIncomeFromContinuingOperations": "0", "comprehensiveIncomeNetOfTax": "None", "ebit": "-1087704", "ebitda": "1309781", "netIncome": "-8059358.53"}], "quarterlyReports": [{"fiscalDateEnding": "2025-09-30", "reportedCurrency": "USD", "grossProfit": "518000", "totalRevenue": "529000", "costOfRevenue": "11000", "costofGoodsAndServicesSold": "11000", "operatingIncome": "-8293000", "sellingGeneralAndAdministrative": "3044000", "researchAndDevelopment": "5778000", "operatingExpenses": "8811000", "investmentIncomeNet": "None", "netInterestIncome": "929000", "interestIncome": "952000", "interestExpense": "23000", "nonInterestIncome": "None", "otherNonOperatingIncome": "None", "depreciation": "None", "depreciationAndAmortization": "11000", "incomeBeforeTax": "-7742000", "incomeTaxExpense": "None", "interestAndDebtExpense": "None", "netIncomeFromContinuingOperations": "-7742000", "comprehensiveIncomeNetOfTax": "None", "ebit": "-7719000", "ebitda": "-7708000", "netIncome": "-7742000"}, {"fiscalDateEnding": "2025-06-30", "reportedCurrency": "USD", "grossProfit": "10739000", "totalRevenue": "10739000", "costOfRevenue": "11000", "costofGoodsAndServicesSold": "11000", "operatingIncome": "1488000", "sellingGeneralAndAdministrative": "3328000", "researchAndDevelopment": "5498000", "operatingExpenses": "9251000", "investmentIncomeNet": "None", "netInterestIncome": "1014000", "interestIncome": "1042000", "interestExpense": "28000", "nonInterestIncome": "None", "otherNonOperatingIncome": "None", "depreciation": "None", "depreciationAndAmortization": "11000", "incomeBeforeTax": "2523000", "incomeTaxExpense": "None", "interestAndDebtExpense": "None", "netIncomeFromContinuingOperations": "2523000", "comprehensiveIncomeNetOfTax": "None", "ebit": "2551000", "ebitda": "2562000", "netIncome": "2523000"}, {"fiscalDateEnding": "2025-03-31", "reportedCurrency": "USD", "grossProfit": "-7195000", "totalRevenue": "1764000", "costOfRevenue": "8959000", "costofGoodsAndServicesSold": "8959000", "operatingIncome": "-34658000", "sellingGeneralAndAdministrative": "5832000", "researchAndDevelopment": "8959000", "operatingExpenses": "27463000", "investmentIncomeNet": "None", "netInterestIncome": "1169000", "interestIncome": "1197000", "interestExpense": "28000", "nonInterestIncome": "None", "otherNonOperatingIncome": "None", "depreciation": "None", "depreciationAndAmortization": "333000", "incomeBeforeTax": "-24526000", "incomeTaxExpense": "None", "interestAndDebtExpense": "None", "netIncomeFromContinuingOperations": "-24526000", "comprehensiveIncomeNetOfTax": "None", "ebit": "-24498000", "ebitda": "-24165000", "netIncome": "-24526000"}, {"fiscalDateEnding": "2024-12-31", "reportedCurrency": "USD", "grossProfit": "-7236000", "totalRevenue": "1574000", "costOfRevenue": "8810000", "costofGoodsAndServicesSold": "8810000", "operatingIncome": "-13933000", "sellingGeneralAndAdministrative": "8432000", "researchAndDevelopment": "8810000", "operatingExpenses": "6697000", "investmentIncomeNet": "None", "netInterestIncome": "1434000", "interestIncome": "1464000", "interestExpense": "30000", "nonInterestIncome": "None", "otherNonOperatingIncome": "None", "depreciation": "None", "depreciationAndAmortization": "333000", "incomeBeforeTax": "-12532000", "incomeTaxExpense": "None", "interestAndDebtExpense": "None", "netIncomeFromContinuingOperations": "-12532000", "comprehensiveIncomeNetOfTax": "None", "ebit": "-15668000", "ebitda": "-15335000", "netIncome": "-12532000"}, {"fiscalDateEnding": "2024-09-30", "reportedCurrency": "USD", "grossProfit": "1339000", "totalRevenue": "1339000", "costOfRevenue": "None", "costofGoodsAndServicesSold": "None", "operatingIncome": "-21440000", "sellingGeneralAndAdministrative": "4537000", "researchAndDevelopment": "14273000", "operatingExpenses": "22779000", "investmentIncomeNet": "None", "netInterestIncome": "1718000", "interestIncome": "1747000", "interestExpense": "29000", "nonInterestIncome": "None", "otherNonOperatingIncome": "None", "depreciation": "None", "depreciationAndAmortization": "336000", "incomeBeforeTax": "-19717000", "incomeTaxExpense": "None", "interestAndDebtExpense": "None", "netIncomeFromContinuingOperations": "-19717000", "comprehensiveIncomeNetOfTax": "None", "ebit": "-19688000", "ebitda": "-19352000", "netIncome": "-19717000"}, {"fiscalDateEnding": "2024-06-30", "reportedCurrency": "USD", "grossProfit": "1726000", "totalRevenue": "1726000", "costOfRevenue": "356000", "costofGoodsAndServicesSold": "356000", "operatingIncome": "-21583000", "sellingGeneralAndAdministrative": "7547000", "researchAndDevelopment": "15551000", "operatingExpenses": "23309000", "investmentIncomeNet": "None", "netInterestIncome": "1795000", "interestIncome": "1829000", "interestExpense": "34000", "nonInterestIncome": "None", "otherNonOperatingIncome": "None", "depreciation": "None", "depreciationAndAmortization": "356000", "incomeBeforeTax": "-19796000", "incomeTaxExpense": "-1", "interestAndDebtExpense": "None", "netIncomeFromContinuingOperations": "-19796000", "comprehensiveIncomeNetOfTax": "None", "ebit": "-19762000", "ebitda": "-19406000", "netIncome": "-19796000"}, {"fiscalDateEnding": "2024-03-31", "reportedCurrency": "USD", "grossProfit": "1532000", "totalRevenue": "1532000", "costOfRevenue": "15403000", "costofGoodsAndServicesSold": "15403000", "operatingIncome": "-19363000", "sellingGeneralAndAdministrative": "5312000", "researchAndDevelopment": "15403000", "operatingExpenses": "20895000", "investmentIncomeNet": "None", "netInterestIncome": "1501000", "interestIncome": "1545000", "interestExpense": "44000", "nonInterestIncome": "None", "otherNonOperatingIncome": "None", "depreciation": "None", "depreciationAndAmortization": "355000", "incomeBeforeTax": "-17875000", "incomeTaxExpense": "-1", "interestAndDebtExpense": "None", "netIncomeFromContinuingOperations": "-17875000", "comprehensiveIncomeNetOfTax": "None", "ebit": "-17831000", "ebitda": "-17476000", "netIncome": "-17875000"}, {"fiscalDateEnding": "2023-12-31", "reportedCurrency": "USD", "grossProfit": "-15419000", "totalRevenue": "2145000", "costOfRevenue": "17564000", "costofGoodsAndServicesSold": "17564000", "operatingIncome": "-20747000", "sellingGeneralAndAdministrative": "5101000", "researchAndDevelopment": "17564000", "operatingExpenses": "5328000", "investmentIncomeNet": "None", "netInterestIncome": "1421000", "interestIncome": "1465000", "interestExpense": "44000", "nonInterestIncome": "None", "otherNonOperatingIncome": "None", "depreciation": "None", "depreciationAndAmortization": "359000", "incomeBeforeTax": "-19312000", "incomeTaxExpense": "1074000", "interestAndDebtExpense": "None", "netIncomeFromContinuingOperations": "-19312000", "comprehensiveIncomeNetOfTax": "None", "ebit": "-20520000", "ebitda": "-20161000", "netIncome": "-19312000"}, {"fiscalDateEnding": "2023-09-30", "reportedCurrency": "USD", "grossProfit": "4658000", "totalRevenue": "4658000", "costOfRevenue": "369000", "costofGoodsAndServicesSold": "369000", "operatingIncome": "-21558000", "sellingGeneralAndAdministrative": "5842000", "researchAndDevelopment": "20169000", "operatingExpenses": "26216000", "investmentIncomeNet": "None", "netInterestIncome": "1448000", "interestIncome": "1494000", "interestExpense": "46000", "nonInterestIncome": "None", "otherNonOperatingIncome": "None", "depreciation": "None", "depreciationAndAmortization": "369000", "incomeBeforeTax": "-20104000", "incomeTaxExpense": "-369000", "interestAndDebtExpense": "None", "netIncomeFromContinuingOperations": "-20104000", "comprehensiveIncomeNetOfTax": "None", "ebit": "-20058000", "ebitda": "-19689000", "netIncome": "-20104000"}, {"fiscalDateEnding": "2023-06-30", "reportedCurrency": "USD", "grossProfit": "4651000", "totalRevenue": "4651000", "costOfRevenue": "342000", "costofGoodsAndServicesSold": "342000", "operatingIncome": "-18385000", "sellingGeneralAndAdministrative": "5980000", "researchAndDevelopment": "17692000", "operatingExpenses": "23036000", "investmentIncomeNet": "None", "netInterestIncome": "1290000", "interestIncome": "1461000", "interestExpense": "171000", "nonInterestIncome": "None", "otherNonOperatingIncome": "1462000", "depreciation": "None", "depreciationAndAmortization": "342000", "incomeBeforeTax": "-17094000", "incomeTaxExpense": "171000", "interestAndDebtExpense": "None", "netIncomeFromContinuingOperations": "-17094000", "comprehensiveIncomeNetOfTax": "None", "ebit": "-16923000", "ebitda": "-16581000", "netIncome": "-17094000"}, {"fiscalDateEnding": "2023-03-31", "reportedCurrency": "USD", "grossProfit": "6687000", "totalRevenue": "6687000", "costOfRevenue": "334000", "costofGoodsAndServicesSold": "334000", "operatingIncome": "-17413000", "sellingGeneralAndAdministrative": "5552000", "researchAndDevelopment": "18275000", "operatingExpenses": "24100000", "investmentIncomeNet": "None", "netInterestIncome": "1070000", "interestIncome": "1268000", "interestExpense": "198000", "nonInterestIncome": "None", "otherNonOperatingIncome": "1272000", "depreciation": "None", "depreciationAndAmortization": "334000", "incomeBeforeTax": "-16339000", "incomeTaxExpense": "-876000", "interestAndDebtExpense": "None", "netIncomeFromContinuingOperations": "-16339000", "comprehensiveIncomeNetOfTax": "None", "ebit": "-16141000", "ebitda": "-15807000", "netIncome": "-16339000"}, {"fiscalDateEnding": "2022-12-31", "reportedCurrency": "USD", "grossProfit": "-16704000", "totalRevenue": "6245000", "costOfRevenue": "22949000", "costofGoodsAndServicesSold": "22949000", "operatingIncome": "-22562000", "sellingGeneralAndAdministrative": "4249000", "researchAndDevelopment": "22949000", "operatingExpenses": "5858000", "investmentIncomeNet": "None", "netInterestIncome": "634000", "interestIncome": "943000", "interestExpense": "309000", "nonInterestIncome": "None", "otherNonOperatingIncome": "939000", "depreciation": "None", "depreciationAndAmortization": "307000", "incomeBeforeTax": "-21932000", "incomeTaxExpense": "979000", "interestAndDebtExpense": "None", "netIncomeFromContinuingOperations": "-21932000", "comprehensiveIncomeNetOfTax": "None", "ebit": "-20953000", "ebitda": "-20646000", "netIncome": "-21932000"}, {"fiscalDateEnding": "2022-09-30", "reportedCurrency": "USD", "grossProfit": "5952000", "totalRevenue": "5952000", "costOfRevenue": "343000", "costofGoodsAndServicesSold": "343000", "operatingIncome": "-17811000", "sellingGeneralAndAdministrative": "3493000", "researchAndDevelopment": "20055000", "operatingExpenses": "23763000", "investmentIncomeNet": "None", "netInterestIncome": "265000", "interestIncome": "694000", "interestExpense": "429000", "nonInterestIncome": "None", "otherNonOperatingIncome": "673000", "depreciation": "None", "depreciationAndAmortization": "343000", "incomeBeforeTax": "-17567000", "incomeTaxExpense": "-244000", "interestAndDebtExpense": "None", "netIncomeFromContinuingOperations": "-17567000", "comprehensiveIncomeNetOfTax": "None", "ebit": "-17138000", "ebitda": "-16795000", "netIncome": "-17567000"}, {"fiscalDateEnding": "2022-06-30", "reportedCurrency": "USD", "grossProfit": "14241000", "totalRevenue": "14241000", "costOfRevenue": "383000", "costofGoodsAndServicesSold": "383000", "operatingIncome": "-14109000", "sellingGeneralAndAdministrative": "5200000", "researchAndDevelopment": "22942000", "operatingExpenses": "28350000", "investmentIncomeNet": "None", "netInterestIncome": "-86000", "interestIncome": "396000", "interestExpense": "482000", "nonInterestIncome": "None", "otherNonOperatingIncome": "399000", "depreciation": "None", "depreciationAndAmortization": "383000", "incomeBeforeTax": "-14192000", "incomeTaxExpense": "83000", "interestAndDebtExpense": "None", "netIncomeFromContinuingOperations": "-14192000", "comprehensiveIncomeNetOfTax": "None", "ebit": "-13710000", "ebitda": "-13327000", "netIncome": "-14192000"}, {"fiscalDateEnding": "2022-03-31", "reportedCurrency": "USD", "grossProfit": "12581000", "totalRevenue": "12581000", "costOfRevenue": "394000", "costofGoodsAndServicesSold": "394000", "operatingIncome": "-10974000", "sellingGeneralAndAdministrative": "4892000", "researchAndDevelopment": "18462000", "operatingExpenses": "23555000", "investmentIncomeNet": "None", "netInterestIncome": "-347000", "interestIncome": "159000", "interestExpense": "506000", "nonInterestIncome": "None", "otherNonOperatingIncome": "159000", "depreciation": "None", "depreciationAndAmortization": "394000", "incomeBeforeTax": "-11321000", "incomeTaxExpense": "4444000", "interestAndDebtExpense": "None", "netIncomeFromContinuingOperations": "-15765000", "comprehensiveIncomeNetOfTax": "None", "ebit": "-10815000", "ebitda": "-10421000", "netIncome": "-15765000"}, {"fiscalDateEnding": "2021-12-31", "reportedCurrency": "USD", "grossProfit": "-16006000", "totalRevenue": "3206000", "costOfRevenue": "19212000", "costofGoodsAndServicesSold": "19212000", "operatingIncome": "-20796000", "sellingGeneralAndAdministrative": "4597000", "researchAndDevelopment": "19212000", "operatingExpenses": "4790000", "investmentIncomeNet": "None", "netInterestIncome": "-530000", "interestIncome": "30000", "interestExpense": "560000", "nonInterestIncome": "None", "otherNonOperatingIncome": "35000", "depreciation": "None", "depreciationAndAmortization": "427000", "incomeBeforeTax": "-21321000", "incomeTaxExpense": "560000", "interestAndDebtExpense": "None", "netIncomeFromContinuingOperations": "-21321000", "comprehensiveIncomeNetOfTax": "None", "ebit": "-20603000", "ebitda": "-20176000", "netIncome": "-21321000"}, {"fiscalDateEnding": "2021-09-30", "reportedCurrency": "USD", "grossProfit": "3340000", "totalRevenue": "3340000", "costOfRevenue": "16709000", "costofGoodsAndServicesSold": "16709000", "operatingIncome": "-18408000", "sellingGeneralAndAdministrative": "4183000", "researchAndDevelopment": "16709000", "operatingExpenses": "21748000", "investmentIncomeNet": "None", "netInterestIncome": "-735000", "interestIncome": "27000", "interestExpense": "762000", "nonInterestIncome": "None", "otherNonOperatingIncome": "12000", "depreciation": "None", "depreciationAndAmortization": "447000", "incomeBeforeTax": "-19158000", "incomeTaxExpense": "762000", "interestAndDebtExpense": "None", "netIncomeFromContinuingOperations": "-19158000", "comprehensiveIncomeNetOfTax": "None", "ebit": "-18396000", "ebitda": "-17949000", "netIncome": "-19158000"}, {"fiscalDateEnding": "2021-06-30", "reportedCurrency": "USD", "grossProfit": "-13470000", "totalRevenue": "2329000", "costOfRevenue": "15799000", "costofGoodsAndServicesSold": "15799000", "operatingIncome": "-18642000", "sellingGeneralAndAdministrative": "4478000", "researchAndDevelopment": "15799000", "operatingExpenses": "5172000", "investmentIncomeNet": "None", "netInterestIncome": "-732000", "interestIncome": "31000", "interestExpense": "763000", "nonInterestIncome": "None", "otherNonOperatingIncome": "18000", "depreciation": "None", "depreciationAndAmortization": "436000", "incomeBeforeTax": "-19387000", "incomeTaxExpense": "763000", "interestAndDebtExpense": "None", "netIncomeFromContinuingOperations": "-19387000", "comprehensiveIncomeNetOfTax": "None", "ebit": "-17948000", "ebitda": "-17512000", "netIncome": "-19387000"}, {"fiscalDateEnding": "2021-03-31", "reportedCurrency": "USD", "grossProfit": "-11669000", "totalRevenue": "2113000", "costOfRevenue": "13782000", "costofGoodsAndServicesSold": "13782000", "operatingIncome": "-15676000", "sellingGeneralAndAdministrative": "3878000", "researchAndDevelopment": "13782000", "operatingExpenses": "4007000", "investmentIncomeNet": "None", "netInterestIncome": "-733000", "interestIncome": "39000", "interestExpense": "772000", "nonInterestIncome": "None", "otherNonOperatingIncome": "67000", "depreciation": "None", "depreciationAndAmortization": "443000", "incomeBeforeTax": "-16381000", "incomeTaxExpense": "772000", "interestAndDebtExpense": "None", "netIncomeFromContinuingOperations": "-16381000", "comprehensiveIncomeNetOfTax": "None", "ebit": "-15547000", "ebitda": "-15104000", "netIncome": "-16381000"}, {"fiscalDateEnding": "2020-12-31", "reportedCurrency": "USD", "grossProfit": "-14006000", "totalRevenue": "2386000", "costOfRevenue": "16392000", "costofGoodsAndServicesSold": "16392000", "operatingIncome": "-16300999", "sellingGeneralAndAdministrative": "3661000", "researchAndDevelopment": "16392000", "operatingExpenses": "2294999", "investmentIncomeNet": "None", "netInterestIncome": "-701000", "interestIncome": "96000", "interestExpense": "797000", "nonInterestIncome": "None", "otherNonOperatingIncome": "56000", "depreciation": "None", "depreciationAndAmortization": "486999", "incomeBeforeTax": "-17042000", "incomeTaxExpense": "797000", "interestAndDebtExpense": "None", "netIncomeFromContinuingOperations": "-17042000", "comprehensiveIncomeNetOfTax": "None", "ebit": "-16175999", "ebitda": "-15689000", "netIncome": "-17042000"}, {"fiscalDateEnding": "2020-09-30", "reportedCurrency": "USD", "grossProfit": "-10542000", "totalRevenue": "1523000", "costOfRevenue": "12065000", "costofGoodsAndServicesSold": "12065000", "operatingIncome": "-15217000", "sellingGeneralAndAdministrative": "4065000", "researchAndDevelopment": "12065000", "operatingExpenses": "4675000", "investmentIncomeNet": "None", "netInterestIncome": "-974000", "interestIncome": "100000", "interestExpense": "1074000", "nonInterestIncome": "None", "otherNonOperatingIncome": "-2464000", "depreciation": "None", "depreciationAndAmortization": "490000", "incomeBeforeTax": "-18755000", "incomeTaxExpense": "-1471000", "interestAndDebtExpense": "None", "netIncomeFromContinuingOperations": "-18755000", "comprehensiveIncomeNetOfTax": "None", "ebit": "-17681000", "ebitda": "-17191000", "netIncome": "-18755000"}, {"fiscalDateEnding": "2020-06-30", "reportedCurrency": "USD", "grossProfit": "-8951000", "totalRevenue": "1514000", "costOfRevenue": "10465000", "costofGoodsAndServicesSold": "10465000", "operatingIncome": "-13141000", "sellingGeneralAndAdministrative": "3566000", "researchAndDevelopment": "10465000", "operatingExpenses": "4190000", "investmentIncomeNet": "None", "netInterestIncome": "-899000", "interestIncome": "200000", "interestExpense": "1099000", "nonInterestIncome": "None", "otherNonOperatingIncome": "153000", "depreciation": "None", "depreciationAndAmortization": "501000", "incomeBeforeTax": "-14087000", "incomeTaxExpense": "1099000", "interestAndDebtExpense": "None", "netIncomeFromContinuingOperations": "-14087000", "comprehensiveIncomeNetOfTax": "None", "ebit": "-12988000", "ebitda": "-12487000", "netIncome": "-14087000"}, {"fiscalDateEnding": "2020-03-31", "reportedCurrency": "USD", "grossProfit": "-8925000", "totalRevenue": "1491000", "costOfRevenue": "10416000", "costofGoodsAndServicesSold": "10416000", "operatingIncome": "-13147000", "sellingGeneralAndAdministrative": "3553000", "researchAndDevelopment": "10416000", "operatingExpenses": "4222000", "investmentIncomeNet": "None", "netInterestIncome": "-696000", "interestIncome": "345000", "interestExpense": "1041000", "nonInterestIncome": "None", "otherNonOperatingIncome": "327000", "depreciation": "None", "depreciationAndAmortization": "500000", "incomeBeforeTax": "-13861000", "incomeTaxExpense": "1041000", "interestAndDebtExpense": "None", "netIncomeFromContinuingOperations": "-13861000", "comprehensiveIncomeNetOfTax": "None", "ebit": "-12820000", "ebitda": "-12320000", "netIncome": "-13861000"}, {"fiscalDateEnding": "2019-12-31", "reportedCurrency": "USD", "grossProfit": "-10800000", "totalRevenue": "1618000", "costOfRevenue": "12418000", "costofGoodsAndServicesSold": "12418000", "operatingIncome": "-13035000", "sellingGeneralAndAdministrative": "1877000", "researchAndDevelopment": "56254000", "operatingExpenses": "2235000", "investmentIncomeNet": "None", "netInterestIncome": "-592000", "interestIncome": "402000", "interestExpense": "994000", "nonInterestIncome": "None", "otherNonOperatingIncome": "34471000", "depreciation": "None", "depreciationAndAmortization": "507000", "incomeBeforeTax": "-24654000", "incomeTaxExpense": "-9979000", "interestAndDebtExpense": "None", "netIncomeFromContinuingOperations": "-24654000", "comprehensiveIncomeNetOfTax": "None", "ebit": "-13184000", "ebitda": "-12677000", "netIncome": "-24654000"}, {"fiscalDateEnding": "2019-09-30", "reportedCurrency": "USD", "grossProfit": "-14670000", "totalRevenue": "3061000", "costOfRevenue": "17731000", "costofGoodsAndServicesSold": "17731000", "operatingIncome": "-91401000", "sellingGeneralAndAdministrative": "3249000", "researchAndDevelopment": "17731000", "operatingExpenses": "21487000", "investmentIncomeNet": "None", "netInterestIncome": "-597000", "interestIncome": "503000", "interestExpense": "1100000", "nonInterestIncome": "None", "otherNonOperatingIncome": "-2658000", "depreciation": "None", "depreciationAndAmortization": "507000", "incomeBeforeTax": "-95159000", "incomeTaxExpense": "-12656000", "interestAndDebtExpense": "None", "netIncomeFromContinuingOperations": "-82503000", "comprehensiveIncomeNetOfTax": "None", "ebit": "-94059000", "ebitda": "-93552000", "netIncome": "-82503000"}, {"fiscalDateEnding": "2019-06-30", "reportedCurrency": "USD", "grossProfit": "-12087000", "totalRevenue": "653000", "costOfRevenue": "12740000", "costofGoodsAndServicesSold": "12740000", "operatingIncome": "-20515000", "sellingGeneralAndAdministrative": "8189000", "researchAndDevelopment": "12740000", "operatingExpenses": "21434000", "investmentIncomeNet": "None", "netInterestIncome": "604000", "interestIncome": "606000", "interestExpense": "2000", "nonInterestIncome": "None", "otherNonOperatingIncome": "-2798000", "depreciation": "None", "depreciationAndAmortization": "505000", "incomeBeforeTax": "-23315000", "incomeTaxExpense": "-3462000", "interestAndDebtExpense": "None", "netIncomeFromContinuingOperations": "-23315000", "comprehensiveIncomeNetOfTax": "None", "ebit": "-23313000", "ebitda": "-22808000", "netIncome": "-23315000"}, {"fiscalDateEnding": "2019-03-31", "reportedCurrency": "USD", "grossProfit": "-14033000", "totalRevenue": "679000", "costOfRevenue": "14712000", "costofGoodsAndServicesSold": "14712000", "operatingIncome": "-19071000", "sellingGeneralAndAdministrative": "4412000", "researchAndDevelopment": "14712000", "operatingExpenses": "19633000", "investmentIncomeNet": "None", "netInterestIncome": "588000", "interestIncome": "4055000", "interestExpense": "12000", "nonInterestIncome": "None", "otherNonOperatingIncome": "-4168000", "depreciation": "None", "depreciationAndAmortization": "509000", "incomeBeforeTax": "-23251000", "incomeTaxExpense": "-4764000", "interestAndDebtExpense": "None", "netIncomeFromContinuingOperations": "-23251000", "comprehensiveIncomeNetOfTax": "None", "ebit": "-23239000", "ebitda": "-22730000", "netIncome": "-23251000"}, {"fiscalDateEnding": "2018-12-31", "reportedCurrency": "USD", "grossProfit": "-9385000", "totalRevenue": "1678000", "costOfRevenue": "11063000", "costofGoodsAndServicesSold": "11063000", "operatingIncome": "-16903000", "sellingGeneralAndAdministrative": "5927000", "researchAndDevelopment": "11063000", "operatingExpenses": "17494000", "investmentIncomeNet": "None", "netInterestIncome": "None", "interestIncome": "None", "interestExpense": "122000", "nonInterestIncome": "None", "otherNonOperatingIncome": "-1224000", "depreciation": "None", "depreciationAndAmortization": "504000", "incomeBeforeTax": "-18249000", "incomeTaxExpense": "-1567000", "interestAndDebtExpense": "None", "netIncomeFromContinuingOperations": "-18249000", "comprehensiveIncomeNetOfTax": "None", "ebit": "-18127000", "ebitda": "-17623000", "netIncome": "-18249000"}, {"fiscalDateEnding": "2018-09-30", "reportedCurrency": "USD", "grossProfit": "-14979000", "totalRevenue": "1587000", "costOfRevenue": "16566000", "costofGoodsAndServicesSold": "16566000", "operatingIncome": "-32426000", "sellingGeneralAndAdministrative": "2631000", "researchAndDevelopment": "16566000", "operatingExpenses": "19694000", "investmentIncomeNet": "None", "netInterestIncome": "None", "interestIncome": "None", "interestExpense": "756000", "nonInterestIncome": "None", "otherNonOperatingIncome": "3671000", "depreciation": "None", "depreciationAndAmortization": "497000", "incomeBeforeTax": "-28755000", "incomeTaxExpense": "-4282000", "interestAndDebtExpense": "None", "netIncomeFromContinuingOperations": "-24473000", "comprehensiveIncomeNetOfTax": "None", "ebit": "-28755000", "ebitda": "-28258000", "netIncome": "-24473000"}, {"fiscalDateEnding": "2018-06-30", "reportedCurrency": "USD", "grossProfit": "-15112000", "totalRevenue": "1244000", "costOfRevenue": "16356000", "costofGoodsAndServicesSold": "16356000", "operatingIncome": "-22046000", "sellingGeneralAndAdministrative": "3775000", "researchAndDevelopment": "16356000", "operatingExpenses": "20709000", "investmentIncomeNet": "None", "netInterestIncome": "None", "interestIncome": "None", "interestExpense": "805000", "nonInterestIncome": "None", "otherNonOperatingIncome": "25137000", "depreciation": "None", "depreciationAndAmortization": "578000", "incomeBeforeTax": "3091000", "incomeTaxExpense": "-22749000", "interestAndDebtExpense": "None", "netIncomeFromContinuingOperations": "3091000", "comprehensiveIncomeNetOfTax": "None", "ebit": "-19465000", "ebitda": "-18887000", "netIncome": "3091000"}, {"fiscalDateEnding": "2018-03-31", "reportedCurrency": "USD", "grossProfit": "-12513000", "totalRevenue": "1436000", "costOfRevenue": "13949000", "costofGoodsAndServicesSold": "13949000", "operatingIncome": "-18405000", "sellingGeneralAndAdministrative": "3669000", "researchAndDevelopment": "13949000", "operatingExpenses": "18220000", "investmentIncomeNet": "None", "netInterestIncome": "None", "interestIncome": "None", "interestExpense": "104000", "nonInterestIncome": "None", "otherNonOperatingIncome": "1080000", "depreciation": "None", "depreciationAndAmortization": "602000", "incomeBeforeTax": "-17429000", "incomeTaxExpense": "952000", "interestAndDebtExpense": "None", "netIncomeFromContinuingOperations": "-17429000", "comprehensiveIncomeNetOfTax": "None", "ebit": "-17325000", "ebitda": "-16723000", "netIncome": "-17429000"}, {"fiscalDateEnding": "2017-12-31", "reportedCurrency": "USD", "grossProfit": "-15288000", "totalRevenue": "2534000", "costOfRevenue": "17822000", "costofGoodsAndServicesSold": "17822000", "operatingIncome": "-60249000", "sellingGeneralAndAdministrative": "3543000", "researchAndDevelopment": "17822000", "operatingExpenses": "21985000", "investmentIncomeNet": "None", "netInterestIncome": "None", "interestIncome": "None", "interestExpense": "75000", "nonInterestIncome": "None", "otherNonOperatingIncome": "73000", "depreciation": "None", "depreciationAndAmortization": "620000", "incomeBeforeTax": "-60251000", "incomeTaxExpense": "-24320000", "interestAndDebtExpense": "None", "netIncomeFromContinuingOperations": "-35931000", "comprehensiveIncomeNetOfTax": "None", "ebit": "-60176000", "ebitda": "-59556000", "netIncome": "-35931000"}, {"fiscalDateEnding": "2017-09-30", "reportedCurrency": "USD", "grossProfit": "-8645000", "totalRevenue": "6892000", "costOfRevenue": "15537000", "costofGoodsAndServicesSold": "15537000", "operatingIncome": "-12897000", "sellingGeneralAndAdministrative": "3659000", "researchAndDevelopment": "15537000", "operatingExpenses": "19789000", "investmentIncomeNet": "None", "netInterestIncome": "None", "interestIncome": "None", "interestExpense": "76000", "nonInterestIncome": "None", "otherNonOperatingIncome": "1373000", "depreciation": "None", "depreciationAndAmortization": "593000", "incomeBeforeTax": "-11600000", "incomeTaxExpense": "-121000", "interestAndDebtExpense": "None", "netIncomeFromContinuingOperations": "-11600000", "comprehensiveIncomeNetOfTax": "None", "ebit": "-11524000", "ebitda": "-10931000", "netIncome": "-11600000"}, {"fiscalDateEnding": "2017-06-30", "reportedCurrency": "USD", "grossProfit": "-14406000", "totalRevenue": "1039000", "costOfRevenue": "15445000", "costofGoodsAndServicesSold": "15445000", "operatingIncome": "-19485000", "sellingGeneralAndAdministrative": "4599000", "researchAndDevelopment": "15445000", "operatingExpenses": "20524000", "investmentIncomeNet": "None", "netInterestIncome": "None", "interestIncome": "None", "interestExpense": "68000", "nonInterestIncome": "None", "otherNonOperatingIncome": "1298000", "depreciation": "None", "depreciationAndAmortization": "480000", "incomeBeforeTax": "-18255000", "incomeTaxExpense": "178000", "interestAndDebtExpense": "None", "netIncomeFromContinuingOperations": "-18255000", "comprehensiveIncomeNetOfTax": "None", "ebit": "-18187000", "ebitda": "-17707000", "netIncome": "-18255000"}, {"fiscalDateEnding": "2017-03-31", "reportedCurrency": "USD", "grossProfit": "-13637000", "totalRevenue": "235000", "costOfRevenue": "13872000", "costofGoodsAndServicesSold": "13872000", "operatingIncome": "-18299000", "sellingGeneralAndAdministrative": "4328000", "researchAndDevelopment": "13872000", "operatingExpenses": "18534000", "investmentIncomeNet": "None", "netInterestIncome": "None", "interestIncome": "None", "interestExpense": "42000", "nonInterestIncome": "None", "otherNonOperatingIncome": "-286000", "depreciation": "None", "depreciationAndAmortization": "334000", "incomeBeforeTax": "-18627000", "incomeTaxExpense": "-1017000", "interestAndDebtExpense": "None", "netIncomeFromContinuingOperations": "-18627000", "comprehensiveIncomeNetOfTax": "None", "ebit": "-18585000", "ebitda": "-18251000", "netIncome": "-18627000"}, {"fiscalDateEnding": "2016-12-31", "reportedCurrency": "USD", "grossProfit": "-17351000", "totalRevenue": "-195000", "costOfRevenue": "17156000", "costofGoodsAndServicesSold": "17156000", "operatingIncome": "-257439000", "sellingGeneralAndAdministrative": "4733000", "researchAndDevelopment": "17156000", "operatingExpenses": "22221000", "investmentIncomeNet": "None", "netInterestIncome": "None", "interestIncome": "None", "interestExpense": "287000", "nonInterestIncome": "None", "otherNonOperatingIncome": "-1394000", "depreciation": "None", "depreciationAndAmortization": "332000", "incomeBeforeTax": "-258833000", "incomeTaxExpense": "-40138000", "interestAndDebtExpense": "None", "netIncomeFromContinuingOperations": "-218695000", "comprehensiveIncomeNetOfTax": "None", "ebit": "-19416000", "ebitda": "-19084000", "netIncome": "-218695000"}, {"fiscalDateEnding": "2016-09-30", "reportedCurrency": "USD", "grossProfit": "-14964000", "totalRevenue": "774000", "costOfRevenue": "15738000", "costofGoodsAndServicesSold": "15738000", "operatingIncome": "-18975000", "sellingGeneralAndAdministrative": "3720000", "researchAndDevelopment": "15738000", "operatingExpenses": "19749000", "investmentIncomeNet": "None", "netInterestIncome": "None", "interestIncome": "None", "interestExpense": "425000", "nonInterestIncome": "None", "otherNonOperatingIncome": "-620000", "depreciation": "None", "depreciationAndAmortization": "291000", "incomeBeforeTax": "-19595000", "incomeTaxExpense": "360000", "interestAndDebtExpense": "None", "netIncomeFromContinuingOperations": "-19595000", "comprehensiveIncomeNetOfTax": "None", "ebit": "-19595000", "ebitda": "-19304000", "netIncome": "-19595000"}, {"fiscalDateEnding": "2016-06-30", "reportedCurrency": "USD", "grossProfit": "-14906000", "totalRevenue": "309000", "costOfRevenue": "15215000", "costofGoodsAndServicesSold": "15215000", "operatingIncome": "-195248000", "sellingGeneralAndAdministrative": "23766000", "researchAndDevelopment": "15215000", "operatingExpenses": "39233000", "investmentIncomeNet": "None", "netInterestIncome": "None", "interestIncome": "None", "interestExpense": "435000", "nonInterestIncome": "None", "otherNonOperatingIncome": "384000", "depreciation": "None", "depreciationAndAmortization": "252000", "incomeBeforeTax": "-194864000", "incomeTaxExpense": "-64864000", "interestAndDebtExpense": "None", "netIncomeFromContinuingOperations": "-130000000", "comprehensiveIncomeNetOfTax": "None", "ebit": "-18924000", "ebitda": "-18672000", "netIncome": "-130000000"}, {"fiscalDateEnding": "2016-03-31", "reportedCurrency": "USD", "grossProfit": "-12541000", "totalRevenue": "603000", "costOfRevenue": "13144000", "costofGoodsAndServicesSold": "13144000", "operatingIncome": "-19977000", "sellingGeneralAndAdministrative": "7219000", "researchAndDevelopment": "13144000", "operatingExpenses": "20580000", "investmentIncomeNet": "None", "netInterestIncome": "None", "interestIncome": "None", "interestExpense": "244000", "nonInterestIncome": "None", "otherNonOperatingIncome": "4103000", "depreciation": "None", "depreciationAndAmortization": "217000", "incomeBeforeTax": "-15874000", "incomeTaxExpense": "-4347000", "interestAndDebtExpense": "None", "netIncomeFromContinuingOperations": "-15874000", "comprehensiveIncomeNetOfTax": "None", "ebit": "-15874000", "ebitda": "-15657000", "netIncome": "-15874000"}, {"fiscalDateEnding": "2015-12-31", "reportedCurrency": "USD", "grossProfit": "-2218000", "totalRevenue": "12686000", "costOfRevenue": "14904000", "costofGoodsAndServicesSold": "14904000", "operatingIncome": "-11758000", "sellingGeneralAndAdministrative": "8354000", "researchAndDevelopment": "14904000", "operatingExpenses": "23427000", "investmentIncomeNet": "None", "netInterestIncome": "None", "interestIncome": "None", "interestExpense": "208000", "nonInterestIncome": "None", "otherNonOperatingIncome": "2934000", "depreciation": "None", "depreciationAndAmortization": "169000", "incomeBeforeTax": "-6253000", "incomeTaxExpense": "-989000", "interestAndDebtExpense": "None", "netIncomeFromContinuingOperations": "-7835000", "comprehensiveIncomeNetOfTax": "None", "ebit": "-5041000", "ebitda": "-4872000", "netIncome": "-5264000"}, {"fiscalDateEnding": "2015-09-30", "reportedCurrency": "USD", "grossProfit": "-12289000", "totalRevenue": "4065000", "costOfRevenue": "16354000", "costofGoodsAndServicesSold": "16354000", "operatingIncome": "-58138000", "sellingGeneralAndAdministrative": "7706000", "researchAndDevelopment": "16354000", "operatingExpenses": "24213000", "investmentIncomeNet": "None", "netInterestIncome": "None", "interestIncome": "None", "interestExpense": "183000", "nonInterestIncome": "None", "otherNonOperatingIncome": "13960000", "depreciation": "None", "depreciationAndAmortization": "153000", "incomeBeforeTax": "-44178000", "incomeTaxExpense": "-15196000", "interestAndDebtExpense": "None", "netIncomeFromContinuingOperations": "-28982000", "comprehensiveIncomeNetOfTax": "None", "ebit": "-14448000", "ebitda": "-14295000", "netIncome": "-28982000"}, {"fiscalDateEnding": "2015-06-30", "reportedCurrency": "USD", "grossProfit": "-6300000", "totalRevenue": "3400000", "costOfRevenue": "9700000", "costofGoodsAndServicesSold": "9700000", "operatingIncome": "-14400000", "sellingGeneralAndAdministrative": "7700000", "researchAndDevelopment": "9700000", "operatingExpenses": "17500000", "investmentIncomeNet": "None", "netInterestIncome": "None", "interestIncome": "None", "interestExpense": "81000", "nonInterestIncome": "None", "otherNonOperatingIncome": "2105000", "depreciation": "None", "depreciationAndAmortization": "100000", "incomeBeforeTax": "-14900000", "incomeTaxExpense": "300000", "interestAndDebtExpense": "None", "netIncomeFromContinuingOperations": "-12315000", "comprehensiveIncomeNetOfTax": "None", "ebit": "-14012000", "ebitda": "-13912000", "netIncome": "-14900000"}, {"fiscalDateEnding": "2015-03-31", "reportedCurrency": "USD", "grossProfit": "-5875000", "totalRevenue": "4682000", "costOfRevenue": "10557000", "costofGoodsAndServicesSold": "10557000", "operatingIncome": "-18006000", "sellingGeneralAndAdministrative": "2716000", "researchAndDevelopment": "10557000", "operatingExpenses": "13393000", "investmentIncomeNet": "None", "netInterestIncome": "None", "interestIncome": "None", "interestExpense": "202000", "nonInterestIncome": "None", "otherNonOperatingIncome": "6017000", "depreciation": "None", "depreciationAndAmortization": "120000", "incomeBeforeTax": "-11989000", "incomeTaxExpense": "3278000", "interestAndDebtExpense": "None", "netIncomeFromContinuingOperations": "-11989000", "comprehensiveIncomeNetOfTax": "None", "ebit": "-8711000", "ebitda": "-8591000", "netIncome": "-11989000"}, {"fiscalDateEnding": "2014-12-31", "reportedCurrency": "USD", "grossProfit": "-7552000", "totalRevenue": "4350000", "costOfRevenue": "11902000", "costofGoodsAndServicesSold": "11902000", "operatingIncome": "-10747000", "sellingGeneralAndAdministrative": "3082000", "researchAndDevelopment": "11902000", "operatingExpenses": "15097000", "investmentIncomeNet": "None", "netInterestIncome": "None", "interestIncome": "None", "interestExpense": "145000", "nonInterestIncome": "None", "otherNonOperatingIncome": "5041000", "depreciation": "None", "depreciationAndAmortization": "113000", "incomeBeforeTax": "-6168000", "incomeTaxExpense": "-4579000", "interestAndDebtExpense": "None", "netIncomeFromContinuingOperations": "-5706000", "comprehensiveIncomeNetOfTax": "None", "ebit": "-10747000", "ebitda": "-10634000", "netIncome": "-6168000"}, {"fiscalDateEnding": "2014-09-30", "reportedCurrency": "USD", "grossProfit": "-4947000", "totalRevenue": "4362000", "costOfRevenue": "9309000", "costofGoodsAndServicesSold": "9309000", "operatingIncome": "-6844000", "sellingGeneralAndAdministrative": "1764000", "researchAndDevelopment": "9309000", "operatingExpenses": "11206000", "investmentIncomeNet": "None", "netInterestIncome": "None", "interestIncome": "None", "interestExpense": "304000", "nonInterestIncome": "None", "otherNonOperatingIncome": "-1760000", "depreciation": "None", "depreciationAndAmortization": "133000", "incomeBeforeTax": "-8604000", "incomeTaxExpense": "1760000", "interestAndDebtExpense": "None", "netIncomeFromContinuingOperations": "-8604000", "comprehensiveIncomeNetOfTax": "None", "ebit": "-6844000", "ebitda": "-6711000", "netIncome": "-8604000"}, {"fiscalDateEnding": "2014-06-30", "reportedCurrency": "USD", "grossProfit": "-7487000", "totalRevenue": "1811000", "costOfRevenue": "9298000", "costofGoodsAndServicesSold": "9298000", "operatingIncome": "-9423000", "sellingGeneralAndAdministrative": "1787000", "researchAndDevelopment": "9298000", "operatingExpenses": "11234000", "investmentIncomeNet": "None", "netInterestIncome": "None", "interestIncome": "None", "interestExpense": "257000", "nonInterestIncome": "None", "otherNonOperatingIncome": "3342000", "depreciation": "None", "depreciationAndAmortization": "149000", "incomeBeforeTax": "-6081000", "incomeTaxExpense": "-3342000", "interestAndDebtExpense": "None", "netIncomeFromContinuingOperations": "-6081000", "comprehensiveIncomeNetOfTax": "None", "ebit": "-9423000", "ebitda": "-9274000", "netIncome": "-6081000"}, {"fiscalDateEnding": "2014-03-31", "reportedCurrency": "USD", "grossProfit": "-3774000", "totalRevenue": "4430000", "costOfRevenue": "8204000", "costofGoodsAndServicesSold": "8204000", "operatingIncome": "-5958000", "sellingGeneralAndAdministrative": "2050000", "researchAndDevelopment": "8204000", "operatingExpenses": "10388000", "investmentIncomeNet": "None", "netInterestIncome": "None", "interestIncome": "None", "interestExpense": "147000", "nonInterestIncome": "None", "otherNonOperatingIncome": "-12026000", "depreciation": "None", "depreciationAndAmortization": "134000", "incomeBeforeTax": "-17984000", "incomeTaxExpense": "12026000", "interestAndDebtExpense": "None", "netIncomeFromContinuingOperations": "-17984000", "comprehensiveIncomeNetOfTax": "None", "ebit": "-5958000", "ebitda": "-5824000", "netIncome": "-17984000"}, {"fiscalDateEnding": "2013-12-31", "reportedCurrency": "USD", "grossProfit": "544430", "totalRevenue": "7538829", "costOfRevenue": "6994398", "costofGoodsAndServicesSold": "6994398", "operatingIncome": "-2451931.62", "sellingGeneralAndAdministrative": "2849219", "researchAndDevelopment": "6994398", "operatingExpenses": "9990761", "investmentIncomeNet": "None", "netInterestIncome": "None", "interestIncome": "None", "interestExpense": "121517", "nonInterestIncome": "None", "otherNonOperatingIncome": "None", "depreciation": "None", "depreciationAndAmortization": "147142", "incomeBeforeTax": "-2615640.34", "incomeTaxExpense": "163708", "interestAndDebtExpense": "None", "netIncomeFromContinuingOperations": "-14063000", "comprehensiveIncomeNetOfTax": "None", "ebit": "-2451931", "ebitda": "-2304789", "netIncome": "-2615640.34"}, {"fiscalDateEnding": "2013-09-30", "reportedCurrency": "USD", "grossProfit": "-2539340.62", "totalRevenue": "2958026", "costOfRevenue": "5497367", "costofGoodsAndServicesSold": "5497367", "operatingIncome": "-3646295.97", "sellingGeneralAndAdministrative": "958782", "researchAndDevelopment": "5497367", "operatingExpenses": "6604322", "investmentIncomeNet": "None", "netInterestIncome": "None", "interestIncome": "None", "interestExpense": "128822", "nonInterestIncome": "None", "otherNonOperatingIncome": "None", "depreciation": "None", "depreciationAndAmortization": "148172", "incomeBeforeTax": "-5896390", "incomeTaxExpense": "2250094", "interestAndDebtExpense": "None", "netIncomeFromContinuingOperations": "0", "comprehensiveIncomeNetOfTax": "None", "ebit": "-3651172", "ebitda": "-3503000", "netIncome": "-5896390"}, {"fiscalDateEnding": "2013-06-30", "reportedCurrency": "USD", "grossProfit": "-2026276.42", "totalRevenue": "2783681", "costOfRevenue": "4809957", "costofGoodsAndServicesSold": "4809957", "operatingIncome": "-3006040.91", "sellingGeneralAndAdministrative": "830621", "researchAndDevelopment": "4809957", "operatingExpenses": "5789722", "investmentIncomeNet": "None", "netInterestIncome": "None", "interestIncome": "None", "interestExpense": "142454", "nonInterestIncome": "None", "otherNonOperatingIncome": "None", "depreciation": "None", "depreciationAndAmortization": "149142", "incomeBeforeTax": "-2951185.18", "incomeTaxExpense": "54855.73", "interestAndDebtExpense": "None", "netIncomeFromContinuingOperations": "0", "comprehensiveIncomeNetOfTax": "None", "ebit": "-3068142", "ebitda": "-2919000", "netIncome": "-2951185.18"}, {"fiscalDateEnding": "2013-03-31", "reportedCurrency": "USD", "grossProfit": "-1959335.59", "totalRevenue": "2157632", "costOfRevenue": "4116967", "costofGoodsAndServicesSold": "4116967", "operatingIncome": "-3030488.97", "sellingGeneralAndAdministrative": "903452", "researchAndDevelopment": "4116967", "operatingExpenses": "5188121", "investmentIncomeNet": "None", "netInterestIncome": "None", "interestIncome": "None", "interestExpense": "146363", "nonInterestIncome": "None", "otherNonOperatingIncome": "None", "depreciation": "None", "depreciationAndAmortization": "167700", "incomeBeforeTax": "-2577438.69", "incomeTaxExpense": "-453050.27", "interestAndDebtExpense": "None", "netIncomeFromContinuingOperations": "0", "comprehensiveIncomeNetOfTax": "None", "ebit": "-2995700", "ebitda": "-2828000", "netIncome": "-2577438.69"}, {"fiscalDateEnding": "2012-12-31", "reportedCurrency": "USD", "grossProfit": "-3356370.61", "totalRevenue": "3785199", "costOfRevenue": "7141569", "costofGoodsAndServicesSold": "7141569", "operatingIncome": "-5889578.74", "sellingGeneralAndAdministrative": "2356063", "researchAndDevelopment": "18031718000000", "operatingExpenses": "-26003565.99", "investmentIncomeNet": "None", "netInterestIncome": "None", "interestIncome": "None", "interestExpense": "11268", "nonInterestIncome": "None", "otherNonOperatingIncome": "None", "depreciation": "None", "depreciationAndAmortization": "177144", "incomeBeforeTax": "29793048000000", "incomeTaxExpense": "-8548564.35", "interestAndDebtExpense": "None", "netIncomeFromContinuingOperations": "0", "comprehensiveIncomeNetOfTax": "None", "ebit": "-5926470", "ebitda": "-5749326", "netIncome": "38602868"}, {"fiscalDateEnding": "2012-09-30", "reportedCurrency": "USD", "grossProfit": "-54753.37", "totalRevenue": "3096707", "costOfRevenue": "3151460", "costofGoodsAndServicesSold": "3151460", "operatingIncome": "-1801604.27", "sellingGeneralAndAdministrative": "1528714", "researchAndDevelopment": "3148965", "operatingExpenses": "1746850", "investmentIncomeNet": "None", "netInterestIncome": "None", "interestIncome": "None", "interestExpense": "26041", "nonInterestIncome": "None", "otherNonOperatingIncome": "None", "depreciation": "None", "depreciationAndAmortization": "218136", "incomeBeforeTax": "-3516456.18", "incomeTaxExpense": "1688810", "interestAndDebtExpense": "None", "netIncomeFromContinuingOperations": "0", "comprehensiveIncomeNetOfTax": "None", "ebit": "-1801603.61", "ebitda": "-1583467.61", "netIncome": "-3490415.04"}, {"fiscalDateEnding": "2012-06-30", "reportedCurrency": "USD", "grossProfit": "46642", "totalRevenue": "3559086", "costOfRevenue": "3512444", "costofGoodsAndServicesSold": "3512444", "operatingIncome": "-2538954.87", "sellingGeneralAndAdministrative": "2363447", "researchAndDevelopment": "3512636.44", "operatingExpenses": "2585597", "investmentIncomeNet": "None", "netInterestIncome": "None", "interestIncome": "None", "interestExpense": "28831", "nonInterestIncome": "None", "otherNonOperatingIncome": "None", "depreciation": "None", "depreciationAndAmortization": "222150", "incomeBeforeTax": "-1919850.56", "incomeTaxExpense": "-647936.29", "interestAndDebtExpense": "None", "netIncomeFromContinuingOperations": "0", "comprehensiveIncomeNetOfTax": "None", "ebit": "-2538954.64", "ebitda": "-2316804.64", "netIncome": "-1891018.58"}, {"fiscalDateEnding": "2012-03-31", "reportedCurrency": "USD", "grossProfit": "-573861.14", "totalRevenue": "3572162", "costOfRevenue": "4146023", "costofGoodsAndServicesSold": "4146023", "operatingIncome": "-2640983.85", "sellingGeneralAndAdministrative": "1825732", "researchAndDevelopment": "4175413.81", "operatingExpenses": "2067122", "investmentIncomeNet": "None", "netInterestIncome": "None", "interestIncome": "None", "interestExpense": "24269", "nonInterestIncome": "None", "otherNonOperatingIncome": "None", "depreciation": "None", "depreciationAndAmortization": "241389", "incomeBeforeTax": "-3191400.31", "incomeTaxExpense": "526146", "interestAndDebtExpense": "None", "netIncomeFromContinuingOperations": "0", "comprehensiveIncomeNetOfTax": "None", "ebit": "-2640983.07", "ebitda": "-2399594.07", "netIncome": "-3167130.73"}, {"fiscalDateEnding": "2011-12-31", "reportedCurrency": "USD", "grossProfit": "1673.12", "totalRevenue": "3861917", "costOfRevenue": "3860244", "costofGoodsAndServicesSold": "3860244", "operatingIncome": "-2246243.67", "sellingGeneralAndAdministrative": "4396308", "researchAndDevelopment": "3608904.58", "operatingExpenses": "2247916", "investmentIncomeNet": "None", "netInterestIncome": "None", "interestIncome": "None", "interestExpense": "45226", "nonInterestIncome": "None", "otherNonOperatingIncome": "None", "depreciation": "None", "depreciationAndAmortization": "251262", "incomeBeforeTax": "-9937000000", "incomeTaxExpense": "-8250025.05", "interestAndDebtExpense": "None", "netIncomeFromContinuingOperations": "0", "comprehensiveIncomeNetOfTax": "None", "ebit": "-2519548.15", "ebitda": "-2268286.15", "netIncome": "-1927712.69"}, {"fiscalDateEnding": "2011-09-30", "reportedCurrency": "USD", "grossProfit": "-212525.78", "totalRevenue": "4009259", "costOfRevenue": "4221785", "costofGoodsAndServicesSold": "4221785", "operatingIncome": "-1621007.03", "sellingGeneralAndAdministrative": "1163903", "researchAndDevelopment": "4171983.62", "operatingExpenses": "1408481", "investmentIncomeNet": "None", "netInterestIncome": "None", "interestIncome": "None", "interestExpense": "17067", "nonInterestIncome": "None", "otherNonOperatingIncome": "None", "depreciation": "None", "depreciationAndAmortization": "211748", "incomeBeforeTax": "-1432982.56", "incomeTaxExpense": "-172262.90", "interestAndDebtExpense": "None", "netIncomeFromContinuingOperations": "0", "comprehensiveIncomeNetOfTax": "None", "ebit": "-1588177.60", "ebitda": "-1376429.60", "netIncome": "-1415915"}, {"fiscalDateEnding": "2011-06-30", "reportedCurrency": "USD", "grossProfit": "-1848517.33", "totalRevenue": "4551091", "costOfRevenue": "6399608", "costofGoodsAndServicesSold": "6399608", "operatingIncome": "-3740799.36", "sellingGeneralAndAdministrative": "1646250", "researchAndDevelopment": "6433464.81", "operatingExpenses": "1892282", "investmentIncomeNet": "None", "netInterestIncome": "None", "interestIncome": "None", "interestExpense": "29937", "nonInterestIncome": "None", "otherNonOperatingIncome": "None", "depreciation": "None", "depreciationAndAmortization": "246890", "incomeBeforeTax": "-3676808.95", "incomeTaxExpense": "-93927.85", "interestAndDebtExpense": "None", "netIncomeFromContinuingOperations": "0", "comprehensiveIncomeNetOfTax": "None", "ebit": "-3740798.85", "ebitda": "-3493908.85", "netIncome": "-3646871.52"}, {"fiscalDateEnding": "2011-03-31", "reportedCurrency": "USD", "grossProfit": "-1333549.40", "totalRevenue": "4469019", "costOfRevenue": "5802569", "costofGoodsAndServicesSold": "5802569", "operatingIncome": "-3165249.87", "sellingGeneralAndAdministrative": "1586154", "researchAndDevelopment": "22133977938338", "operatingExpenses": "1831700", "investmentIncomeNet": "None", "netInterestIncome": "None", "interestIncome": "None", "interestExpense": "34218", "nonInterestIncome": "None", "otherNonOperatingIncome": "None", "depreciation": "None", "depreciationAndAmortization": "245546", "incomeBeforeTax": "-3221456.72", "incomeTaxExpense": "-21988", "interestAndDebtExpense": "None", "netIncomeFromContinuingOperations": "0", "comprehensiveIncomeNetOfTax": "None", "ebit": "-3165249.47", "ebitda": "-2919703.47", "netIncome": "-3187238.53"}, {"fiscalDateEnding": "2010-12-31", "reportedCurrency": "USD", "grossProfit": "-1038556409685.40", "totalRevenue": "6656291.77", "costOfRevenue": "1038563065977.20", "costofGoodsAndServicesSold": "1038563065977.20", "operatingIncome": "-7213864.24", "sellingGeneralAndAdministrative": "1331354.50", "researchAndDevelopment": "22133977938339", "operatingExpenses": "-8260286.11", "investmentIncomeNet": "None", "netInterestIncome": "None", "interestIncome": "None", "interestExpense": "30542.33", "nonInterestIncome": "None", "otherNonOperatingIncome": "None", "depreciation": "None", "depreciationAndAmortization": "-477070.95", "incomeBeforeTax": "2600549.53", "incomeTaxExpense": "-8328644.93", "interestAndDebtExpense": "None", "netIncomeFromContinuingOperations": "0", "comprehensiveIncomeNetOfTax": "None", "ebit": "-12947158.10", "ebitda": "-13424229.05", "netIncome": "-1450028.05"}, {"fiscalDateEnding": "2010-09-30", "reportedCurrency": "USD", "grossProfit": "10060316", "totalRevenue": "10060316", "costOfRevenue": "6999319.79", "costofGoodsAndServicesSold": "6999319.79", "operatingIncome": "3078223", "sellingGeneralAndAdministrative": "1436357", "researchAndDevelopment": "5061661", "operatingExpenses": "6982093", "investmentIncomeNet": "None", "netInterestIncome": "None", "interestIncome": "None", "interestExpense": "30972", "nonInterestIncome": "None", "otherNonOperatingIncome": "None", "depreciation": "None", "depreciationAndAmortization": "505894", "incomeBeforeTax": "-2600549.53", "incomeTaxExpense": "5678773", "interestAndDebtExpense": "None", "netIncomeFromContinuingOperations": "0", "comprehensiveIncomeNetOfTax": "None", "ebit": "-2666585.64", "ebitda": "-2160691.64", "netIncome": "-2600549.53"}, {"fiscalDateEnding": "2010-06-30", "reportedCurrency": "USD", "grossProfit": "-2384097.33", "totalRevenue": "2197289", "costOfRevenue": "4581386", "costofGoodsAndServicesSold": "4581386", "operatingIncome": "-3952745.47", "sellingGeneralAndAdministrative": "1025506", "researchAndDevelopment": "4536915.27", "operatingExpenses": "1568648", "investmentIncomeNet": "None", "netInterestIncome": "None", "interestIncome": "None", "interestExpense": "24169", "nonInterestIncome": "None", "otherNonOperatingIncome": "None", "depreciation": "None", "depreciationAndAmortization": "527264", "incomeBeforeTax": "-4019453.56", "incomeTaxExpense": "58416", "interestAndDebtExpense": "None", "netIncomeFromContinuingOperations": "0", "comprehensiveIncomeNetOfTax": "None", "ebit": "-3870159.36", "ebitda": "-3342895.36", "netIncome": "-3995284.13"}, {"fiscalDateEnding": "2010-03-31", "reportedCurrency": "USD", "grossProfit": "-2933629.59", "totalRevenue": "2419006", "costOfRevenue": "5352635", "costofGoodsAndServicesSold": "5352635", "operatingIncome": "-4392279.77", "sellingGeneralAndAdministrative": "976331", "researchAndDevelopment": "5373251.92", "operatingExpenses": "1458650", "investmentIncomeNet": "None", "netInterestIncome": "None", "interestIncome": "None", "interestExpense": "20985", "nonInterestIncome": "None", "otherNonOperatingIncome": "None", "depreciation": "None", "depreciationAndAmortization": "482319", "incomeBeforeTax": "-4354346.67", "incomeTaxExpense": "-58918.97", "interestAndDebtExpense": "None", "netIncomeFromContinuingOperations": "0", "comprehensiveIncomeNetOfTax": "None", "ebit": "-4392279.76", "ebitda": "-3909960.76", "netIncome": "-4333360.80"}, {"fiscalDateEnding": "2009-12-31", "reportedCurrency": "USD", "grossProfit": "-848727.45", "totalRevenue": "4484744", "costOfRevenue": "5333471", "costofGoodsAndServicesSold": "5333471", "operatingIncome": "-2494522.21", "sellingGeneralAndAdministrative": "1138678", "researchAndDevelopment": "5067490.49", "operatingExpenses": "1645794", "investmentIncomeNet": "None", "netInterestIncome": "None", "interestIncome": "None", "interestExpense": "30997", "nonInterestIncome": "None", "otherNonOperatingIncome": "None", "depreciation": "None", "depreciationAndAmortization": "507116", "incomeBeforeTax": "-2660892.15", "incomeTaxExpense": "135372", "interestAndDebtExpense": "None", "netIncomeFromContinuingOperations": "0", "comprehensiveIncomeNetOfTax": "None", "ebit": "-2494521.92", "ebitda": "-1987405.92", "netIncome": "-2629894.81"}, {"fiscalDateEnding": "2009-09-30", "reportedCurrency": "USD", "grossProfit": "-1082268.69", "totalRevenue": "3065401", "costOfRevenue": "4147670", "costofGoodsAndServicesSold": "4147670", "operatingIncome": "-2421687.72", "sellingGeneralAndAdministrative": "870377", "researchAndDevelopment": "4146090.53", "operatingExpenses": "1339419", "investmentIncomeNet": "None", "netInterestIncome": "None", "interestIncome": "None", "interestExpense": "18254", "nonInterestIncome": "None", "otherNonOperatingIncome": "None", "depreciation": "None", "depreciationAndAmortization": "543421", "incomeBeforeTax": "-2666444.94", "incomeTaxExpense": "226502", "interestAndDebtExpense": "None", "netIncomeFromContinuingOperations": "0", "comprehensiveIncomeNetOfTax": "None", "ebit": "-2421686.98", "ebitda": "-1878265.98", "netIncome": "-2648190.66"}, {"fiscalDateEnding": "2009-06-30", "reportedCurrency": "USD", "grossProfit": "-519613.25", "totalRevenue": "3253967", "costOfRevenue": "3773580", "costofGoodsAndServicesSold": "3773580", "operatingIncome": "-1920807.96", "sellingGeneralAndAdministrative": "964348", "researchAndDevelopment": "3767629.86", "operatingExpenses": "1340738", "investmentIncomeNet": "None", "netInterestIncome": "None", "interestIncome": "None", "interestExpense": "26586", "nonInterestIncome": "None", "otherNonOperatingIncome": "None", "depreciation": "None", "depreciationAndAmortization": "471243", "incomeBeforeTax": "-1965414.53", "incomeTaxExpense": "78476", "interestAndDebtExpense": "None", "netIncomeFromContinuingOperations": "0", "comprehensiveIncomeNetOfTax": "None", "ebit": "-1920807.21", "ebitda": "-1449564.21", "netIncome": "-1938827.68"}, {"fiscalDateEnding": "2009-03-31", "reportedCurrency": "USD", "grossProfit": "-584564.03", "totalRevenue": "2281431", "costOfRevenue": "2865995", "costofGoodsAndServicesSold": "2865995", "operatingIncome": "-1746772.79", "sellingGeneralAndAdministrative": "769742", "researchAndDevelopment": "2869944.49", "operatingExpenses": "1162208", "investmentIncomeNet": "None", "netInterestIncome": "None", "interestIncome": "None", "interestExpense": "66201", "nonInterestIncome": "None", "otherNonOperatingIncome": "None", "depreciation": "None", "depreciationAndAmortization": "392466", "incomeBeforeTax": "-1709964.36", "incomeTaxExpense": "-103010.22", "interestAndDebtExpense": "None", "netIncomeFromContinuingOperations": "0", "comprehensiveIncomeNetOfTax": "None", "ebit": "-1746772.64", "ebitda": "-1354306.64", "netIncome": "-1643762.57"}, {"fiscalDateEnding": "2008-12-31", "reportedCurrency": "USD", "grossProfit": "1471989", "totalRevenue": "1471989", "costOfRevenue": "3178007.89", "costofGoodsAndServicesSold": "3178007.89", "operatingIncome": "-2553770.99", "sellingGeneralAndAdministrative": "230997.35", "researchAndDevelopment": "2505752.79", "operatingExpenses": "-11829414.19", "investmentIncomeNet": "None", "netInterestIncome": "None", "interestIncome": "None", "interestExpense": "0", "nonInterestIncome": "None", "otherNonOperatingIncome": "None", "depreciation": "None", "depreciationAndAmortization": "290071", "incomeBeforeTax": "-1045549.26", "incomeTaxExpense": "1098634", "interestAndDebtExpense": "None", "netIncomeFromContinuingOperations": "0", "comprehensiveIncomeNetOfTax": "None", "ebit": "53085", "ebitda": "343156", "netIncome": "-1045549.26"}, {"fiscalDateEnding": "2008-09-30", "reportedCurrency": "USD", "grossProfit": "3982956", "totalRevenue": "3982956", "costOfRevenue": "6154062.94", "costofGoodsAndServicesSold": "6154062.94", "operatingIncome": "-2650664.08", "sellingGeneralAndAdministrative": "1042870.77", "researchAndDevelopment": "5145406", "operatingExpenses": "6633620", "investmentIncomeNet": "None", "netInterestIncome": "None", "interestIncome": "None", "interestExpense": "0", "nonInterestIncome": "None", "otherNonOperatingIncome": "None", "depreciation": "None", "depreciationAndAmortization": "430133", "incomeBeforeTax": "-5688681.28", "incomeTaxExpense": "3053227", "interestAndDebtExpense": "None", "netIncomeFromContinuingOperations": "0", "comprehensiveIncomeNetOfTax": "None", "ebit": "-2635453.23", "ebitda": "-2205320.23", "netIncome": "-5688681.28"}, {"fiscalDateEnding": "2008-06-30", "reportedCurrency": "USD", "grossProfit": "2478003", "totalRevenue": "2478003", "costOfRevenue": "6727059.05", "costofGoodsAndServicesSold": "6727059.05", "operatingIncome": "-5123735.51", "sellingGeneralAndAdministrative": "1769193.36", "researchAndDevelopment": "5569549", "operatingExpenses": "7601739", "investmentIncomeNet": "None", "netInterestIncome": "None", "interestIncome": "None", "interestExpense": "0", "nonInterestIncome": "None", "otherNonOperatingIncome": "None", "depreciation": "None", "depreciationAndAmortization": "261504", "incomeBeforeTax": "-4757340.34", "incomeTaxExpense": "-364902.81", "interestAndDebtExpense": "None", "netIncomeFromContinuingOperations": "0", "comprehensiveIncomeNetOfTax": "None", "ebit": "-5122242.85", "ebitda": "-4860738.85", "netIncome": "-4757340.34"}, {"fiscalDateEnding": "2008-03-31", "reportedCurrency": "USD", "grossProfit": "-49242.20", "totalRevenue": "1853611", "costOfRevenue": "1902853", "costofGoodsAndServicesSold": "1902853", "operatingIncome": "-841628.29", "sellingGeneralAndAdministrative": "662212.18", "researchAndDevelopment": "1909170.65", "operatingExpenses": "792386", "investmentIncomeNet": "None", "netInterestIncome": "None", "interestIncome": "None", "interestExpense": "0", "nonInterestIncome": "None", "otherNonOperatingIncome": "None", "depreciation": "None", "depreciationAndAmortization": "133137", "incomeBeforeTax": "-633594.68", "incomeTaxExpense": "-420079.67", "interestAndDebtExpense": "None", "netIncomeFromContinuingOperations": "0", "comprehensiveIncomeNetOfTax": "None", "ebit": "-841628.21", "ebitda": "-708491.21", "netIncome": "-421548.63"}, {"fiscalDateEnding": "2007-12-31", "reportedCurrency": "USD", "grossProfit": "4277378", "totalRevenue": "4277378", "costOfRevenue": "4052372.83", "costofGoodsAndServicesSold": "4052372.83", "operatingIncome": "85696", "sellingGeneralAndAdministrative": "1050647.21", "researchAndDevelopment": "3049702", "operatingExpenses": "4191681", "investmentIncomeNet": "None", "netInterestIncome": "None", "interestIncome": "None", "interestExpense": "0", "nonInterestIncome": "None", "otherNonOperatingIncome": "None", "depreciation": "None", "depreciationAndAmortization": "197650", "incomeBeforeTax": "357853", "incomeTaxExpense": "-5493817.49", "interestAndDebtExpense": "None", "netIncomeFromContinuingOperations": "0", "comprehensiveIncomeNetOfTax": "None", "ebit": "-5131576.66", "ebitda": "-4933926.66", "netIncome": "357853"}, {"fiscalDateEnding": "2007-09-30", "reportedCurrency": "USD", "grossProfit": "5753025", "totalRevenue": "5753025", "costOfRevenue": "4006051.44", "costofGoodsAndServicesSold": "4006051.44", "operatingIncome": "1650278", "sellingGeneralAndAdministrative": "810750.40", "researchAndDevelopment": "3190393", "operatingExpenses": "4102747", "investmentIncomeNet": "None", "netInterestIncome": "None", "interestIncome": "None", "interestExpense": "0", "nonInterestIncome": "None", "otherNonOperatingIncome": "None", "depreciation": "None", "depreciationAndAmortization": "76121", "incomeBeforeTax": "1515510", "incomeTaxExpense": "160249", "interestAndDebtExpense": "None", "netIncomeFromContinuingOperations": "0", "comprehensiveIncomeNetOfTax": "None", "ebit": "1675760", "ebitda": "1751881", "netIncome": "1515510"}, {"fiscalDateEnding": "2007-06-30", "reportedCurrency": "USD", "grossProfit": "2797499", "totalRevenue": "2797499", "costOfRevenue": "2531238.17", "costofGoodsAndServicesSold": "2531238.17", "operatingIncome": "181481", "sellingGeneralAndAdministrative": "1561876.94", "researchAndDevelopment": "950045", "operatingExpenses": "2616017", "investmentIncomeNet": "None", "netInterestIncome": "None", "interestIncome": "None", "interestExpense": "0", "nonInterestIncome": "None", "otherNonOperatingIncome": "None", "depreciation": "None", "depreciationAndAmortization": "104095", "incomeBeforeTax": "-4824240.49", "incomeTaxExpense": "5005721", "interestAndDebtExpense": "None", "netIncomeFromContinuingOperations": "0", "comprehensiveIncomeNetOfTax": "None", "ebit": "181482", "ebitda": "285577", "netIncome": "-4824240.49"}, {"fiscalDateEnding": "2007-03-31", "reportedCurrency": "USD", "grossProfit": "0", "totalRevenue": "2483575.38", "costOfRevenue": "1783367.91", "costofGoodsAndServicesSold": "1783367.91", "operatingIncome": "608575.38", "sellingGeneralAndAdministrative": "0", "researchAndDevelopment": "1005359.61", "operatingExpenses": "0", "investmentIncomeNet": "None", "netInterestIncome": "None", "interestIncome": "None", "interestExpense": "0", "nonInterestIncome": "None", "otherNonOperatingIncome": "None", "depreciation": "None", "depreciationAndAmortization": "None", "incomeBeforeTax": "615491.01", "incomeTaxExpense": "0", "interestAndDebtExpense": "None", "netIncomeFromContinuingOperations": "0", "comprehensiveIncomeNetOfTax": "None", "ebit": "0", "ebitda": "None", "netIncome": "615491.01"}, {"fiscalDateEnding": "2006-12-31", "reportedCurrency": "USD", "grossProfit": "5224290.25", "totalRevenue": "2374989.28", "costOfRevenue": "2295222.57", "costofGoodsAndServicesSold": "2295222.57", "operatingIncome": "14581.01", "sellingGeneralAndAdministrative": "0", "researchAndDevelopment": "1297709.92", "operatingExpenses": "0", "investmentIncomeNet": "None", "netInterestIncome": "None", "interestIncome": "None", "interestExpense": "1606484.26", "nonInterestIncome": "None", "otherNonOperatingIncome": "None", "depreciation": "None", "depreciationAndAmortization": "None", "incomeBeforeTax": "146667.81", "incomeTaxExpense": "0", "interestAndDebtExpense": "None", "netIncomeFromContinuingOperations": "0", "comprehensiveIncomeNetOfTax": "None", "ebit": "0", "ebitda": "None", "netIncome": "146667.81"}, {"fiscalDateEnding": "2006-09-30", "reportedCurrency": "USD", "grossProfit": "0", "totalRevenue": "6280362.10", "costOfRevenue": "2210271.58", "costofGoodsAndServicesSold": "2210271.58", "operatingIncome": "3941023.57", "sellingGeneralAndAdministrative": "0", "researchAndDevelopment": "1174150.76", "operatingExpenses": "0", "investmentIncomeNet": "None", "netInterestIncome": "None", "interestIncome": "None", "interestExpense": "789638.79", "nonInterestIncome": "None", "otherNonOperatingIncome": "None", "depreciation": "None", "depreciationAndAmortization": "None", "incomeBeforeTax": "3237429.42", "incomeTaxExpense": "-896.30", "interestAndDebtExpense": "None", "netIncomeFromContinuingOperations": "0", "comprehensiveIncomeNetOfTax": "None", "ebit": "0", "ebitda": "None", "netIncome": "3241014.61"}, {"fiscalDateEnding": "2006-06-30", "reportedCurrency": "USD", "grossProfit": "0", "totalRevenue": "5433225.92", "costOfRevenue": "1976369.50", "costofGoodsAndServicesSold": "1976369.50", "operatingIncome": "3289473.68", "sellingGeneralAndAdministrative": "0", "researchAndDevelopment": "1056211.96", "operatingExpenses": "0", "investmentIncomeNet": "None", "netInterestIncome": "None", "interestIncome": "None", "interestExpense": "788578.59", "nonInterestIncome": "None", "otherNonOperatingIncome": "None", "depreciation": "None", "depreciationAndAmortization": "None", "incomeBeforeTax": "18970640.89", "incomeTaxExpense": "895.09", "interestAndDebtExpense": "None", "netIncomeFromContinuingOperations": "0", "comprehensiveIncomeNetOfTax": "None", "ebit": "0", "ebitda": "None", "netIncome": "18969745.79"}, {"fiscalDateEnding": "2006-03-31", "reportedCurrency": "USD", "grossProfit": "0", "totalRevenue": "9415.39", "costOfRevenue": "2067962", "costofGoodsAndServicesSold": "2067962", "operatingIncome": "0", "sellingGeneralAndAdministrative": "0", "researchAndDevelopment": "1088761.45", "operatingExpenses": "0", "investmentIncomeNet": "None", "netInterestIncome": "None", "interestIncome": "None", "interestExpense": "849096.98", "nonInterestIncome": "None", "otherNonOperatingIncome": "None", "depreciation": "None", "depreciationAndAmortization": "None", "incomeBeforeTax": "0", "incomeTaxExpense": "0", "interestAndDebtExpense": "None", "netIncomeFromContinuingOperations": "0", "comprehensiveIncomeNetOfTax": "None", "ebit": "0", "ebitda": "None", "netIncome": "0"}, {"fiscalDateEnding": "2005-12-31", "reportedCurrency": "USD", "grossProfit": "728987.99", "totalRevenue": "13238421.96", "costOfRevenue": "2530874.79", "costofGoodsAndServicesSold": "2530874.79", "operatingIncome": "0", "sellingGeneralAndAdministrative": "0", "researchAndDevelopment": "1596054.89", "operatingExpenses": "0", "investmentIncomeNet": "None", "netInterestIncome": "None", "interestIncome": "None", "interestExpense": "854202.40", "nonInterestIncome": "None", "otherNonOperatingIncome": "None", "depreciation": "None", "depreciationAndAmortization": "None", "incomeBeforeTax": "0", "incomeTaxExpense": "386792.45", "interestAndDebtExpense": "None", "netIncomeFromContinuingOperations": "0", "comprehensiveIncomeNetOfTax": "None", "ebit": "0", "ebitda": "None", "netIncome": "0"}, {"fiscalDateEnding": "2005-09-30", "reportedCurrency": "USD", "grossProfit": "0", "totalRevenue": "0", "costOfRevenue": "2126708.50", "costofGoodsAndServicesSold": "2126708.50", "operatingIncome": "0", "sellingGeneralAndAdministrative": "0", "researchAndDevelopment": "1622969.14", "operatingExpenses": "0", "investmentIncomeNet": "None", "netInterestIncome": "None", "interestIncome": "None", "interestExpense": "849308", "nonInterestIncome": "None", "otherNonOperatingIncome": "None", "depreciation": "None", "depreciationAndAmortization": "None", "incomeBeforeTax": "0", "incomeTaxExpense": "0", "interestAndDebtExpense": "None", "netIncomeFromContinuingOperations": "0", "comprehensiveIncomeNetOfTax": "None", "ebit": "0", "ebitda": "None", "netIncome": "0"}]}