{"symbol": "ELV", "annualReports": [{"fiscalDateEnding": "2025-12-31", "reportedCurrency": "USD", "grossProfit": "50902000000", "totalRevenue": "199125000000", "costOfRevenue": "148223000000", "costofGoodsAndServicesSold": "148223000000", "operatingIncome": "8112000000", "sellingGeneralAndAdministrative": "None", "researchAndDevelopment": "None", "operatingExpenses": "42790000000", "investmentIncomeNet": "None", "netInterestIncome": "-1402000000", "interestIncome": "1402000000", "interestExpense": "1402000000", "nonInterestIncome": "None", "otherNonOperatingIncome": "None", "depreciation": "None", "depreciationAndAmortization": "1546000000", "incomeBeforeTax": "6710000000", "incomeTaxExpense": "1049000000", "interestAndDebtExpense": "None", "netIncomeFromContinuingOperations": "5661000000", "comprehensiveIncomeNetOfTax": "None", "ebit": "8112000000", "ebitda": "9658000000", "netIncome": "5662000000"}, {"fiscalDateEnding": "2024-12-31", "reportedCurrency": "USD", "grossProfit": "49243000000", "totalRevenue": "176810000000", "costOfRevenue": "127567000000", "costofGoodsAndServicesSold": "127567000000", "operatingIncome": "8888000000", "sellingGeneralAndAdministrative": "None", "researchAndDevelopment": "None", "operatingExpenses": "40355000000", "investmentIncomeNet": "None", "netInterestIncome": "-1185000000", "interestIncome": "1185000000", "interestExpense": "1185000000", "nonInterestIncome": "None", "otherNonOperatingIncome": "None", "depreciation": "None", "depreciationAndAmortization": "1393000000", "incomeBeforeTax": "7904000000", "incomeTaxExpense": "1933000000", "interestAndDebtExpense": "None", "netIncomeFromContinuingOperations": "5971000000", "comprehensiveIncomeNetOfTax": "None", "ebit": "9089000000", "ebitda": "10482000000", "netIncome": "5980000000"}, {"fiscalDateEnding": "2023-12-31", "reportedCurrency": "USD", "grossProfit": "47010000000", "totalRevenue": "171340000000", "costOfRevenue": "124330000000", "costofGoodsAndServicesSold": "124330000000", "operatingIncome": "8745000000", "sellingGeneralAndAdministrative": "None", "researchAndDevelopment": "None", "operatingExpenses": "38265000000", "investmentIncomeNet": "None", "netInterestIncome": "-1000000000", "interestIncome": "1030000000", "interestExpense": "1030000000", "nonInterestIncome": "None", "otherNonOperatingIncome": "None", "depreciation": "None", "depreciationAndAmortization": "1745000000", "incomeBeforeTax": "7715000000", "incomeTaxExpense": "1724000000", "interestAndDebtExpense": "None", "netIncomeFromContinuingOperations": "6168000000", "comprehensiveIncomeNetOfTax": "None", "ebit": "8745000000", "ebitda": "10490000000", "netIncome": "5987000000"}, {"fiscalDateEnding": "2022-12-31", "reportedCurrency": "USD", "grossProfit": "39953000000", "totalRevenue": "156595000000", "costOfRevenue": "116642000000", "costofGoodsAndServicesSold": "116642000000", "operatingIncome": "8451000000", "sellingGeneralAndAdministrative": "7453000000", "researchAndDevelopment": "None", "operatingExpenses": "31502000000", "investmentIncomeNet": "None", "netInterestIncome": "-851000000", "interestIncome": "851000000", "interestExpense": "851000000", "nonInterestIncome": "None", "otherNonOperatingIncome": "None", "depreciation": "None", "depreciationAndAmortization": "1675000000", "incomeBeforeTax": "7600000000", "incomeTaxExpense": "1712000000", "interestAndDebtExpense": "None", "netIncomeFromContinuingOperations": "6019000000", "comprehensiveIncomeNetOfTax": "None", "ebit": "8451000000", "ebitda": "10126000000", "netIncome": "5894000000"}, {"fiscalDateEnding": "2021-12-31", "reportedCurrency": "USD", "grossProfit": "35994000000", "totalRevenue": "138639000000", "costOfRevenue": "102645000000", "costofGoodsAndServicesSold": "102645000000", "operatingIncome": "8946000000", "sellingGeneralAndAdministrative": "6913000", "researchAndDevelopment": "None", "operatingExpenses": "27048000000", "investmentIncomeNet": "None", "netInterestIncome": "-798000000", "interestIncome": "798000000", "interestExpense": "798000000", "nonInterestIncome": "None", "otherNonOperatingIncome": "None", "depreciation": "None", "depreciationAndAmortization": "1302000000", "incomeBeforeTax": "7925000000", "incomeTaxExpense": "1830000000", "interestAndDebtExpense": "None", "netIncomeFromContinuingOperations": "6095000000", "comprehensiveIncomeNetOfTax": "None", "ebit": "8723000000", "ebitda": "10025000000", "netIncome": "6104000000"}, {"fiscalDateEnding": "2020-12-31", "reportedCurrency": "USD", "grossProfit": "33822000000", "totalRevenue": "121867000000", "costOfRevenue": "88045000000", "costofGoodsAndServicesSold": "88045000000", "operatingIncome": "7711000000", "sellingGeneralAndAdministrative": "17450000000", "researchAndDevelopment": "None", "operatingExpenses": "26111000000", "investmentIncomeNet": "None", "netInterestIncome": "-784000000", "interestIncome": "784000000", "interestExpense": "784000000", "nonInterestIncome": "None", "otherNonOperatingIncome": "None", "depreciation": "None", "depreciationAndAmortization": "1154000000", "incomeBeforeTax": "6238000000", "incomeTaxExpense": "1666000000", "interestAndDebtExpense": "None", "netIncomeFromContinuingOperations": "4572000000", "comprehensiveIncomeNetOfTax": "None", "ebit": "7022000000", "ebitda": "8176000000", "netIncome": "4572000000"}, {"fiscalDateEnding": "2019-12-31", "reportedCurrency": "USD", "grossProfit": "22427000000", "totalRevenue": "104213000000", "costOfRevenue": "81786000000", "costofGoodsAndServicesSold": "81786000000", "operatingIncome": "6733000000", "sellingGeneralAndAdministrative": "13364000000", "researchAndDevelopment": "None", "operatingExpenses": "15694000000", "investmentIncomeNet": "None", "netInterestIncome": "-746000000", "interestIncome": "746000000", "interestExpense": "746000000", "nonInterestIncome": "None", "otherNonOperatingIncome": "None", "depreciation": "None", "depreciationAndAmortization": "1133000000", "incomeBeforeTax": "5985000000", "incomeTaxExpense": "1178000000", "interestAndDebtExpense": "None", "netIncomeFromContinuingOperations": "7163000000", "comprehensiveIncomeNetOfTax": "None", "ebit": "6731000000", "ebitda": "7864000000", "netIncome": "4807000000"}, {"fiscalDateEnding": "2018-12-31", "reportedCurrency": "USD", "grossProfit": "20210000000", "totalRevenue": "92105000000", "costOfRevenue": "71895000000", "costofGoodsAndServicesSold": "71895000000", "operatingIncome": "5837000000", "sellingGeneralAndAdministrative": "14020000000", "researchAndDevelopment": "0", "operatingExpenses": "14373000000", "investmentIncomeNet": "None", "netInterestIncome": "-753000000", "interestIncome": "753000000", "interestExpense": "753000000", "nonInterestIncome": "None", "otherNonOperatingIncome": "None", "depreciation": "None", "depreciationAndAmortization": "1132000000", "incomeBeforeTax": "5068000000", "incomeTaxExpense": "1318000000", "interestAndDebtExpense": "None", "netIncomeFromContinuingOperations": "6386000000", "comprehensiveIncomeNetOfTax": "None", "ebit": "5821000000", "ebitda": "6953000000", "netIncome": "3750000000"}, {"fiscalDateEnding": "2017-12-31", "reportedCurrency": "USD", "grossProfit": "17803200000", "totalRevenue": "90039400000", "costOfRevenue": "72236200000", "costofGoodsAndServicesSold": "72236200000", "operatingIncome": "4985200000", "sellingGeneralAndAdministrative": "11254100000", "researchAndDevelopment": "0", "operatingExpenses": "12818000000", "investmentIncomeNet": "None", "netInterestIncome": "-739000000", "interestIncome": "739000000", "interestExpense": "739000000", "nonInterestIncome": "None", "otherNonOperatingIncome": "None", "depreciation": "None", "depreciationAndAmortization": "891000000", "incomeBeforeTax": "3963800000", "incomeTaxExpense": "121000000", "interestAndDebtExpense": "None", "netIncomeFromContinuingOperations": "4084800000", "comprehensiveIncomeNetOfTax": "None", "ebit": "4702200000", "ebitda": "5593200000", "netIncome": "3842800000"}, {"fiscalDateEnding": "2016-12-31", "reportedCurrency": "USD", "grossProfit": "18144000000", "totalRevenue": "84978400000", "costOfRevenue": "66834399999", "costofGoodsAndServicesSold": "66834399999", "operatingIncome": "5419100000", "sellingGeneralAndAdministrative": "11166400000", "researchAndDevelopment": "0", "operatingExpenses": "12724900000", "investmentIncomeNet": "None", "netInterestIncome": "-723000000", "interestIncome": "723000000", "interestExpense": "723000000", "nonInterestIncome": "None", "otherNonOperatingIncome": "None", "depreciation": "None", "depreciationAndAmortization": "912000000", "incomeBeforeTax": "4555400000", "incomeTaxExpense": "2085600000", "interestAndDebtExpense": "None", "netIncomeFromContinuingOperations": "2469800000", "comprehensiveIncomeNetOfTax": "None", "ebit": "5278200000", "ebitda": "6190200000", "netIncome": "2469800000"}, {"fiscalDateEnding": "2015-12-31", "reportedCurrency": "USD", "grossProfit": "18123000000", "totalRevenue": "79239900000", "costOfRevenue": "61116900000", "costofGoodsAndServicesSold": "61116900000", "operatingIncome": "5358100000", "sellingGeneralAndAdministrative": "11093700000", "researchAndDevelopment": "0", "operatingExpenses": "12764900000", "investmentIncomeNet": "None", "netInterestIncome": "None", "interestIncome": "653000000", "interestExpense": "653000000", "nonInterestIncome": "None", "otherNonOperatingIncome": "None", "depreciation": "None", "depreciationAndAmortization": "907900000", "incomeBeforeTax": "4631000000", "incomeTaxExpense": "2071000000", "interestAndDebtExpense": "None", "netIncomeFromContinuingOperations": "2560000000", "comprehensiveIncomeNetOfTax": "None", "ebit": "5284000000", "ebitda": "6191900000", "netIncome": "2560000000"}, {"fiscalDateEnding": "2014-12-31", "reportedCurrency": "USD", "grossProfit": "17068200000", "totalRevenue": "73923100000", "costOfRevenue": "56854900000", "costofGoodsAndServicesSold": "56854900000", "operatingIncome": "5098900000", "sellingGeneralAndAdministrative": "10258300000", "researchAndDevelopment": "0", "operatingExpenses": "11969300000", "investmentIncomeNet": "None", "netInterestIncome": "None", "interestIncome": "None", "interestExpense": "600700000", "nonInterestIncome": "None", "otherNonOperatingIncome": "None", "depreciation": "None", "depreciationAndAmortization": "851000000", "incomeBeforeTax": "4368100000", "incomeTaxExpense": "1808000000", "interestAndDebtExpense": "None", "netIncomeFromContinuingOperations": "2560100000", "comprehensiveIncomeNetOfTax": "None", "ebit": "4968800000", "ebitda": "5819800000", "netIncome": "2569700000"}, {"fiscalDateEnding": "2013-12-31", "reportedCurrency": "USD", "grossProfit": "14885300000", "totalRevenue": "71122400000", "costOfRevenue": "56237100000", "costofGoodsAndServicesSold": "56237100000", "operatingIncome": "4687100000", "sellingGeneralAndAdministrative": "8426000000", "researchAndDevelopment": "0", "operatingExpenses": "10198200000", "investmentIncomeNet": "None", "netInterestIncome": "None", "interestIncome": "None", "interestExpense": "602700000", "nonInterestIncome": "None", "otherNonOperatingIncome": "None", "depreciation": "None", "depreciationAndAmortization": "908800000", "incomeBeforeTax": "3840200000", "incomeTaxExpense": "1205900000", "interestAndDebtExpense": "None", "netIncomeFromContinuingOperations": "3840200000", "comprehensiveIncomeNetOfTax": "None", "ebit": "4442900000", "ebitda": "5351700000", "netIncome": "2654200000"}, {"fiscalDateEnding": "2012-12-31", "reportedCurrency": "USD", "grossProfit": "13321400000", "totalRevenue": "61535000000", "costOfRevenue": "48213600000", "costofGoodsAndServicesSold": "48213600000", "operatingIncome": "4407900000", "sellingGeneralAndAdministrative": "7093600000", "researchAndDevelopment": "0", "operatingExpenses": "8913500000", "investmentIncomeNet": "None", "netInterestIncome": "None", "interestIncome": "None", "interestExpense": "511800000", "nonInterestIncome": "None", "otherNonOperatingIncome": "None", "depreciation": "None", "depreciationAndAmortization": "740700000", "incomeBeforeTax": "3858300000", "incomeTaxExpense": "1207300000", "interestAndDebtExpense": "None", "netIncomeFromContinuingOperations": "2655500000", "comprehensiveIncomeNetOfTax": "None", "ebit": "4370100000", "ebitda": "5110800000", "netIncome": "2655500000"}, {"fiscalDateEnding": "2011-12-31", "reportedCurrency": "USD", "grossProfit": "13156500000", "totalRevenue": "60804000000", "costOfRevenue": "47647500000", "costofGoodsAndServicesSold": "47647500000", "operatingIncome": "4481500000", "sellingGeneralAndAdministrative": "6818800000", "researchAndDevelopment": "0", "operatingExpenses": "8675000000", "investmentIncomeNet": "None", "netInterestIncome": "None", "interestIncome": "None", "interestExpense": "430300000", "nonInterestIncome": "None", "otherNonOperatingIncome": "None", "depreciation": "None", "depreciationAndAmortization": "637200000", "incomeBeforeTax": "3957900000", "incomeTaxExpense": "1311200000", "interestAndDebtExpense": "None", "netIncomeFromContinuingOperations": "None", "comprehensiveIncomeNetOfTax": "None", "ebit": "4388200000", "ebitda": "5025400000", "netIncome": "2646700000"}, {"fiscalDateEnding": "2010-12-31", "reportedCurrency": "USD", "grossProfit": "13914300000", "totalRevenue": "58841200000", "costOfRevenue": "44926900000", "costofGoodsAndServicesSold": "44926900000", "operatingIncome": "4833200000", "sellingGeneralAndAdministrative": "7122300000", "researchAndDevelopment": "0", "operatingExpenses": "9081100000", "investmentIncomeNet": "None", "netInterestIncome": "None", "interestIncome": "None", "interestExpense": "418900000", "nonInterestIncome": "None", "otherNonOperatingIncome": "None", "depreciation": "None", "depreciationAndAmortization": "600800000", "incomeBeforeTax": "4353800000", "incomeTaxExpense": "1466700000", "interestAndDebtExpense": "None", "netIncomeFromContinuingOperations": "2887100000", "comprehensiveIncomeNetOfTax": "None", "ebit": "4772700000", "ebitda": "5373500000", "netIncome": "2887100000"}, {"fiscalDateEnding": "2009-12-31", "reportedCurrency": "USD", "grossProfit": "14654200000", "totalRevenue": "61644300000", "costOfRevenue": "46990100000", "costofGoodsAndServicesSold": "46990100000", "operatingIncome": "4942600000", "sellingGeneralAndAdministrative": "7424900000", "researchAndDevelopment": "0", "operatingExpenses": "9711600000", "investmentIncomeNet": "None", "netInterestIncome": "None", "interestIncome": "None", "interestExpense": "447400000", "nonInterestIncome": "None", "otherNonOperatingIncome": "None", "depreciation": "None", "depreciationAndAmortization": "553500000", "incomeBeforeTax": "7403000000", "incomeTaxExpense": "2657100000", "interestAndDebtExpense": "None", "netIncomeFromContinuingOperations": "None", "comprehensiveIncomeNetOfTax": "None", "ebit": "7850600000", "ebitda": "8404100000", "netIncome": "4745900000"}, {"fiscalDateEnding": "2008-12-31", "reportedCurrency": "USD", "grossProfit": "14248100000", "totalRevenue": "62459000000", "costOfRevenue": "48210900000", "costofGoodsAndServicesSold": "48210900000", "operatingIncome": "4960600000", "sellingGeneralAndAdministrative": "6718800000", "researchAndDevelopment": "None", "operatingExpenses": "9287500000", "investmentIncomeNet": "None", "netInterestIncome": "None", "interestIncome": "None", "interestExpense": "469800000", "nonInterestIncome": "None", "otherNonOperatingIncome": "None", "depreciation": "None", "depreciationAndAmortization": "571700000", "incomeBeforeTax": "3122400000", "incomeTaxExpense": "631700000", "interestAndDebtExpense": "None", "netIncomeFromContinuingOperations": "None", "comprehensiveIncomeNetOfTax": "None", "ebit": "3611300000", "ebitda": "4183000000", "netIncome": "2490700000"}, {"fiscalDateEnding": "2007-12-31", "reportedCurrency": "USD", "grossProfit": "14957700000", "totalRevenue": "61394000000", "costOfRevenue": "46436300000", "costofGoodsAndServicesSold": "46436300000", "operatingIncome": "5954700000", "sellingGeneralAndAdministrative": "6984700000", "researchAndDevelopment": "None", "operatingExpenses": "9003000000", "investmentIncomeNet": "None", "netInterestIncome": "None", "interestIncome": "None", "interestExpense": "447900000", "nonInterestIncome": "None", "otherNonOperatingIncome": "None", "depreciation": "None", "depreciationAndAmortization": "120200000", "incomeBeforeTax": "5257900000", "incomeTaxExpense": "1912500000", "interestAndDebtExpense": "None", "netIncomeFromContinuingOperations": "None", "comprehensiveIncomeNetOfTax": "None", "ebit": "6161000000", "ebitda": "6281200000", "netIncome": "3345400000"}, {"fiscalDateEnding": "2006-12-31", "reportedCurrency": "USD", "grossProfit": "14489200000", "totalRevenue": "57009200000", "costOfRevenue": "42520000000", "costofGoodsAndServicesSold": "42520000000", "operatingIncome": "5363000000", "sellingGeneralAndAdministrative": "7163200000", "researchAndDevelopment": "None", "operatingExpenses": "9126200000", "investmentIncomeNet": "None", "netInterestIncome": "None", "interestIncome": "None", "interestExpense": "403500000", "nonInterestIncome": "None", "otherNonOperatingIncome": "None", "depreciation": "None", "depreciationAndAmortization": "133000000", "incomeBeforeTax": "4914400000", "incomeTaxExpense": "1819500000", "interestAndDebtExpense": "None", "netIncomeFromContinuingOperations": "None", "comprehensiveIncomeNetOfTax": "None", "ebit": "5778700000", "ebitda": "5911700000", "netIncome": "3094900000"}], "quarterlyReports": [{"fiscalDateEnding": "2025-12-31", "reportedCurrency": "USD", "grossProfit": "11682000000", "totalRevenue": "49747000000", "costOfRevenue": "38065000000", "costofGoodsAndServicesSold": "38065000000", "operatingIncome": "581000000", "sellingGeneralAndAdministrative": "None", "researchAndDevelopment": "None", "operatingExpenses": "11101000000", "investmentIncomeNet": "None", "netInterestIncome": "-366000000", "interestIncome": "366000000", "interestExpense": "366000000", "nonInterestIncome": "None", "otherNonOperatingIncome": "None", "depreciation": "None", "depreciationAndAmortization": "406000000", "incomeBeforeTax": "215000000", "incomeTaxExpense": "-331000000", "interestAndDebtExpense": "None", "netIncomeFromContinuingOperations": "546000000", "comprehensiveIncomeNetOfTax": "None", "ebit": "581000000", "ebitda": "987000000", "netIncome": "547000000"}, {"fiscalDateEnding": "2025-09-30", "reportedCurrency": "USD", "grossProfit": "12571000000", "totalRevenue": "50711000000", "costOfRevenue": "38140000000", "costofGoodsAndServicesSold": "38140000000", "operatingIncome": "1757000000", "sellingGeneralAndAdministrative": "None", "researchAndDevelopment": "None", "operatingExpenses": "10814000000", "investmentIncomeNet": "None", "netInterestIncome": "-351000000", "interestIncome": "351000000", "interestExpense": "351000000", "nonInterestIncome": "None", "otherNonOperatingIncome": "None", "depreciation": "None", "depreciationAndAmortization": "387000000", "incomeBeforeTax": "1406000000", "incomeTaxExpense": "219000000", "interestAndDebtExpense": "None", "netIncomeFromContinuingOperations": "1187000000", "comprehensiveIncomeNetOfTax": "None", "ebit": "1757000000", "ebitda": "2144000000", "netIncome": "1189000000"}, {"fiscalDateEnding": "2025-06-30", "reportedCurrency": "USD", "grossProfit": "13070000000", "totalRevenue": "49776000000", "costOfRevenue": "36706000000", "costofGoodsAndServicesSold": "36706000000", "operatingIncome": "2633000000", "sellingGeneralAndAdministrative": "1838000000", "researchAndDevelopment": "None", "operatingExpenses": "10437000000", "investmentIncomeNet": "None", "netInterestIncome": "-341000000", "interestIncome": "341000000", "interestExpense": "341000000", "nonInterestIncome": "None", "otherNonOperatingIncome": "None", "depreciation": "None", "depreciationAndAmortization": "380000000", "incomeBeforeTax": "2292000000", "incomeTaxExpense": "548000000", "interestAndDebtExpense": "None", "netIncomeFromContinuingOperations": "1744000000", "comprehensiveIncomeNetOfTax": "None", "ebit": "2633000000", "ebitda": "3013000000", "netIncome": "1743000000"}, {"fiscalDateEnding": "2025-03-31", "reportedCurrency": "USD", "grossProfit": "13579000000", "totalRevenue": "48891000000", "costOfRevenue": "35312000000", "costofGoodsAndServicesSold": "35312000000", "operatingIncome": "3141000000", "sellingGeneralAndAdministrative": "None", "researchAndDevelopment": "None", "operatingExpenses": "10438000000", "investmentIncomeNet": "None", "netInterestIncome": "-344000000", "interestIncome": "344000000", "interestExpense": "344000000", "nonInterestIncome": "None", "otherNonOperatingIncome": "None", "depreciation": "None", "depreciationAndAmortization": "373000000", "incomeBeforeTax": "2797000000", "incomeTaxExpense": "613000000", "interestAndDebtExpense": "None", "netIncomeFromContinuingOperations": "2184000000", "comprehensiveIncomeNetOfTax": "None", "ebit": "3141000000", "ebitda": "3514000000", "netIncome": "2183000000"}, {"fiscalDateEnding": "2024-12-31", "reportedCurrency": "USD", "grossProfit": "11942000000", "totalRevenue": "45442000000", "costOfRevenue": "33500000000", "costofGoodsAndServicesSold": "33500000000", "operatingIncome": "946000000", "sellingGeneralAndAdministrative": "None", "researchAndDevelopment": "None", "operatingExpenses": "10996000000", "investmentIncomeNet": "None", "netInterestIncome": "-340000000", "interestIncome": "340000000", "interestExpense": "340000000", "nonInterestIncome": "None", "otherNonOperatingIncome": "None", "depreciation": "None", "depreciationAndAmortization": "398000000", "incomeBeforeTax": "606000000", "incomeTaxExpense": "193000000", "interestAndDebtExpense": "None", "netIncomeFromContinuingOperations": "413000000", "comprehensiveIncomeNetOfTax": "None", "ebit": "946000000", "ebitda": "1344000000", "netIncome": "418000000"}, {"fiscalDateEnding": "2024-09-30", "reportedCurrency": "USD", "grossProfit": "12196000000", "totalRevenue": "45145000000", "costOfRevenue": "32949000000", "costofGoodsAndServicesSold": "32949000000", "operatingIncome": "1712000000", "sellingGeneralAndAdministrative": "1838000000", "researchAndDevelopment": "None", "operatingExpenses": "10484000000", "investmentIncomeNet": "None", "netInterestIncome": "-300000000", "interestIncome": "None", "interestExpense": "300000000", "nonInterestIncome": "None", "otherNonOperatingIncome": "None", "depreciation": "None", "depreciationAndAmortization": "329000000", "incomeBeforeTax": "1373000000", "incomeTaxExpense": "365000000", "interestAndDebtExpense": "None", "netIncomeFromContinuingOperations": "1008000000", "comprehensiveIncomeNetOfTax": "None", "ebit": "1673000000", "ebitda": "2002000000", "netIncome": "1016000000"}, {"fiscalDateEnding": "2024-06-30", "reportedCurrency": "USD", "grossProfit": "13074000000", "totalRevenue": "43646000000", "costOfRevenue": "30572000000", "costofGoodsAndServicesSold": "30572000000", "operatingIncome": "3026000000", "sellingGeneralAndAdministrative": "None", "researchAndDevelopment": "None", "operatingExpenses": "10048000000", "investmentIncomeNet": "None", "netInterestIncome": "-280000000", "interestIncome": "None", "interestExpense": "280000000", "nonInterestIncome": "None", "otherNonOperatingIncome": "None", "depreciation": "None", "depreciationAndAmortization": "335000000", "incomeBeforeTax": "2986000000", "incomeTaxExpense": "685000000", "interestAndDebtExpense": "None", "netIncomeFromContinuingOperations": "2301000000", "comprehensiveIncomeNetOfTax": "None", "ebit": "3266000000", "ebitda": "3601000000", "netIncome": "2300000000"}, {"fiscalDateEnding": "2024-03-31", "reportedCurrency": "USD", "grossProfit": "12031000000", "totalRevenue": "42577000000", "costOfRevenue": "30546000000", "costofGoodsAndServicesSold": "30546000000", "operatingIncome": "3204000000", "sellingGeneralAndAdministrative": "None", "researchAndDevelopment": "None", "operatingExpenses": "8827000000", "investmentIncomeNet": "None", "netInterestIncome": "-265000000", "interestIncome": "None", "interestExpense": "265000000", "nonInterestIncome": "None", "otherNonOperatingIncome": "None", "depreciation": "None", "depreciationAndAmortization": "331000000", "incomeBeforeTax": "2939000000", "incomeTaxExpense": "690000000", "interestAndDebtExpense": "None", "netIncomeFromContinuingOperations": "2249000000", "comprehensiveIncomeNetOfTax": "None", "ebit": "3204000000", "ebitda": "3535000000", "netIncome": "2246000000"}, {"fiscalDateEnding": "2023-12-31", "reportedCurrency": "USD", "grossProfit": "11313000000", "totalRevenue": "42647000000", "costOfRevenue": "31334000000", "costofGoodsAndServicesSold": "31334000000", "operatingIncome": "1260000000", "sellingGeneralAndAdministrative": "None", "researchAndDevelopment": "None", "operatingExpenses": "10053000000", "investmentIncomeNet": "None", "netInterestIncome": "-259000000", "interestIncome": "None", "interestExpense": "259000000", "nonInterestIncome": "None", "otherNonOperatingIncome": "None", "depreciation": "None", "depreciationAndAmortization": "424000000", "incomeBeforeTax": "1001000000", "incomeTaxExpense": "170000000", "interestAndDebtExpense": "None", "netIncomeFromContinuingOperations": "831000000", "comprehensiveIncomeNetOfTax": "None", "ebit": "1260000000", "ebitda": "1684000000", "netIncome": "856000000"}, {"fiscalDateEnding": "2023-09-30", "reportedCurrency": "USD", "grossProfit": "12243000000", "totalRevenue": "42849000000", "costOfRevenue": "30606000000", "costofGoodsAndServicesSold": "30606000000", "operatingIncome": "1913000000", "sellingGeneralAndAdministrative": "None", "researchAndDevelopment": "None", "operatingExpenses": "10330000000", "investmentIncomeNet": "None", "netInterestIncome": "-259000000", "interestIncome": "259000000", "interestExpense": "259000000", "nonInterestIncome": "None", "otherNonOperatingIncome": "None", "depreciation": "None", "depreciationAndAmortization": "426000000", "incomeBeforeTax": "1654000000", "incomeTaxExpense": "354000000", "interestAndDebtExpense": "None", "netIncomeFromContinuingOperations": "1300000000", "comprehensiveIncomeNetOfTax": "None", "ebit": "1913000000", "ebitda": "2339000000", "netIncome": "1289000000"}, {"fiscalDateEnding": "2023-06-30", "reportedCurrency": "USD", "grossProfit": "12068000000", "totalRevenue": "43672000000", "costOfRevenue": "31604000000", "costofGoodsAndServicesSold": "31604000000", "operatingIncome": "2702000000", "sellingGeneralAndAdministrative": "4818000000", "researchAndDevelopment": "None", "operatingExpenses": "9366000000", "investmentIncomeNet": "None", "netInterestIncome": "-261000000", "interestIncome": "261000000", "interestExpense": "261000000", "nonInterestIncome": "None", "otherNonOperatingIncome": "None", "depreciation": "None", "depreciationAndAmortization": "433000000", "incomeBeforeTax": "2441000000", "incomeTaxExpense": "585000000", "interestAndDebtExpense": "None", "netIncomeFromContinuingOperations": "1856000000", "comprehensiveIncomeNetOfTax": "None", "ebit": "2702000000", "ebitda": "3135000000", "netIncome": "1853000000"}, {"fiscalDateEnding": "2023-03-31", "reportedCurrency": "USD", "grossProfit": "38691000000", "totalRevenue": "42172000000", "costOfRevenue": "3481000000", "costofGoodsAndServicesSold": "3481000000", "operatingIncome": "2619000000", "sellingGeneralAndAdministrative": "4800000000", "researchAndDevelopment": "None", "operatingExpenses": "39553000000", "investmentIncomeNet": "None", "netInterestIncome": "-251000000", "interestIncome": "251000000", "interestExpense": "251000000", "nonInterestIncome": "None", "otherNonOperatingIncome": "None", "depreciation": "None", "depreciationAndAmortization": "462000000", "incomeBeforeTax": "2619000000", "incomeTaxExpense": "615000000", "interestAndDebtExpense": "None", "netIncomeFromContinuingOperations": "2004000000", "comprehensiveIncomeNetOfTax": "None", "ebit": "2619000000", "ebitda": "3332000000", "netIncome": "2004000000"}, {"fiscalDateEnding": "2022-12-31", "reportedCurrency": "USD", "grossProfit": "35348000000", "totalRevenue": "38994000000", "costOfRevenue": "3646000000", "costofGoodsAndServicesSold": "3646000000", "operatingIncome": "219000000", "sellingGeneralAndAdministrative": "5522000000", "researchAndDevelopment": "None", "operatingExpenses": "38775000000", "investmentIncomeNet": "None", "netInterestIncome": "-229000000", "interestIncome": "229000000", "interestExpense": "229000000", "nonInterestIncome": "None", "otherNonOperatingIncome": "None", "depreciation": "None", "depreciationAndAmortization": "473000000", "incomeBeforeTax": "1154000000", "incomeTaxExpense": "193000000", "interestAndDebtExpense": "None", "netIncomeFromContinuingOperations": "961000000", "comprehensiveIncomeNetOfTax": "None", "ebit": "1370000000", "ebitda": "1843000000", "netIncome": "977000000"}, {"fiscalDateEnding": "2022-09-30", "reportedCurrency": "USD", "grossProfit": "36502000000", "totalRevenue": "39939000000", "costOfRevenue": "3437000000", "costofGoodsAndServicesSold": "3437000000", "operatingIncome": "2146000000", "sellingGeneralAndAdministrative": "1931000000", "researchAndDevelopment": "None", "operatingExpenses": "37793000000", "investmentIncomeNet": "None", "netInterestIncome": "-213000000", "interestIncome": "213000000", "interestExpense": "213000000", "nonInterestIncome": "None", "otherNonOperatingIncome": "None", "depreciation": "None", "depreciationAndAmortization": "451000000", "incomeBeforeTax": "2146000000", "incomeTaxExpense": "533000000", "interestAndDebtExpense": "None", "netIncomeFromContinuingOperations": "1613000000", "comprehensiveIncomeNetOfTax": "None", "ebit": "2359000000", "ebitda": "2810000000", "netIncome": "1613000000"}, {"fiscalDateEnding": "2022-06-30", "reportedCurrency": "USD", "grossProfit": "35563000000", "totalRevenue": "38632000000", "costOfRevenue": "3069000000", "costofGoodsAndServicesSold": "3069000000", "operatingIncome": "2143000000", "sellingGeneralAndAdministrative": "1838000000", "researchAndDevelopment": "None", "operatingExpenses": "36489000000", "investmentIncomeNet": "None", "netInterestIncome": "-208000000", "interestIncome": "208000000", "interestExpense": "208000000", "nonInterestIncome": "None", "otherNonOperatingIncome": "None", "depreciation": "None", "depreciationAndAmortization": "393000000", "incomeBeforeTax": "2143000000", "incomeTaxExpense": "493000000", "interestAndDebtExpense": "None", "netIncomeFromContinuingOperations": "1650000000", "comprehensiveIncomeNetOfTax": "None", "ebit": "2354000000", "ebitda": "2747000000", "netIncome": "1650000000"}, {"fiscalDateEnding": "2022-03-31", "reportedCurrency": "USD", "grossProfit": "35212000000", "totalRevenue": "38095000000", "costOfRevenue": "2883000000", "costofGoodsAndServicesSold": "2883000000", "operatingIncome": "2537000000", "sellingGeneralAndAdministrative": "1800000000", "researchAndDevelopment": "None", "operatingExpenses": "35789000000", "investmentIncomeNet": "None", "netInterestIncome": "-201000000", "interestIncome": "201000000", "interestExpense": "201000000", "nonInterestIncome": "None", "otherNonOperatingIncome": "None", "depreciation": "None", "depreciationAndAmortization": "358000000", "incomeBeforeTax": "2326000000", "incomeTaxExpense": "531000000", "interestAndDebtExpense": "None", "netIncomeFromContinuingOperations": "1795000000", "comprehensiveIncomeNetOfTax": "None", "ebit": "2537000000", "ebitda": "2895000000", "netIncome": "1779000000"}, {"fiscalDateEnding": "2021-12-31", "reportedCurrency": "USD", "grossProfit": "31815000000", "totalRevenue": "34885000000", "costOfRevenue": "3070000000", "costofGoodsAndServicesSold": "3070000000", "operatingIncome": "-296000000", "sellingGeneralAndAdministrative": "6913000", "researchAndDevelopment": "None", "operatingExpenses": "35181000000", "investmentIncomeNet": "None", "netInterestIncome": "-200000000", "interestIncome": "200000000", "interestExpense": "200000000", "nonInterestIncome": "None", "otherNonOperatingIncome": "None", "depreciation": "None", "depreciationAndAmortization": "360000000", "incomeBeforeTax": "1400000000", "incomeTaxExpense": "275000000", "interestAndDebtExpense": "None", "netIncomeFromContinuingOperations": "1125000000", "comprehensiveIncomeNetOfTax": "None", "ebit": "1612000000", "ebitda": "1972000000", "netIncome": "1125000000"}, {"fiscalDateEnding": "2021-09-30", "reportedCurrency": "USD", "grossProfit": "32924000000", "totalRevenue": "35822000000", "costOfRevenue": "2898000000", "costofGoodsAndServicesSold": "2898000000", "operatingIncome": "2059000000", "sellingGeneralAndAdministrative": "3946000000", "researchAndDevelopment": "None", "operatingExpenses": "33826000000", "investmentIncomeNet": "None", "netInterestIncome": "-201000000", "interestIncome": "201000000", "interestExpense": "201000000", "nonInterestIncome": "None", "otherNonOperatingIncome": "None", "depreciation": "None", "depreciationAndAmortization": "351000000", "incomeBeforeTax": "1996000000", "incomeTaxExpense": "494000000", "interestAndDebtExpense": "None", "netIncomeFromContinuingOperations": "1502000000", "comprehensiveIncomeNetOfTax": "None", "ebit": "2204000000", "ebitda": "2555000000", "netIncome": "1502000000"}, {"fiscalDateEnding": "2021-06-30", "reportedCurrency": "USD", "grossProfit": "31237000000", "totalRevenue": "33851000000", "costOfRevenue": "2614000000", "costofGoodsAndServicesSold": "2614000000", "operatingIncome": "2353000000", "sellingGeneralAndAdministrative": "3821000000", "researchAndDevelopment": "None", "operatingExpenses": "31498000000", "investmentIncomeNet": "None", "netInterestIncome": "-205000000", "interestIncome": "205000000", "interestExpense": "205000000", "nonInterestIncome": "None", "otherNonOperatingIncome": "None", "depreciation": "None", "depreciationAndAmortization": "309000000", "incomeBeforeTax": "2353000000", "incomeTaxExpense": "552000000", "interestAndDebtExpense": "None", "netIncomeFromContinuingOperations": "1801000000", "comprehensiveIncomeNetOfTax": "None", "ebit": "2550000000", "ebitda": "2859000000", "netIncome": "1801000000"}, {"fiscalDateEnding": "2021-03-31", "reportedCurrency": "USD", "grossProfit": "30072000000", "totalRevenue": "32385000000", "costOfRevenue": "2313000000", "costofGoodsAndServicesSold": "2313000000", "operatingIncome": "2176000000", "sellingGeneralAndAdministrative": "3925000000", "researchAndDevelopment": "None", "operatingExpenses": "30209000000", "investmentIncomeNet": "None", "netInterestIncome": "-192000000", "interestIncome": "None", "interestExpense": "192000000", "nonInterestIncome": "None", "otherNonOperatingIncome": "None", "depreciation": "None", "depreciationAndAmortization": "282000000", "incomeBeforeTax": "2176000000", "incomeTaxExpense": "509000000", "interestAndDebtExpense": "None", "netIncomeFromContinuingOperations": "1667000000", "comprehensiveIncomeNetOfTax": "None", "ebit": "2366000000", "ebitda": "2648000000", "netIncome": "1667000000"}, {"fiscalDateEnding": "2020-12-31", "reportedCurrency": "USD", "grossProfit": "7736000000", "totalRevenue": "31824000000", "costOfRevenue": "24088000000", "costofGoodsAndServicesSold": "24088000000", "operatingIncome": "804000000", "sellingGeneralAndAdministrative": "4318000000", "researchAndDevelopment": "None", "operatingExpenses": "6932000000", "investmentIncomeNet": "None", "netInterestIncome": "-191000000", "interestIncome": "None", "interestExpense": "191000000", "nonInterestIncome": "None", "otherNonOperatingIncome": "None", "depreciation": "None", "depreciationAndAmortization": "290000000", "incomeBeforeTax": "611000000", "incomeTaxExpense": "60000000", "interestAndDebtExpense": "None", "netIncomeFromContinuingOperations": "551000000", "comprehensiveIncomeNetOfTax": "None", "ebit": "802000000", "ebitda": "1092000000", "netIncome": "551000000"}, {"fiscalDateEnding": "2020-09-30", "reportedCurrency": "USD", "grossProfit": "8237000000", "totalRevenue": "31158000000", "costOfRevenue": "22921000000", "costofGoodsAndServicesSold": "22921000000", "operatingIncome": "617000000", "sellingGeneralAndAdministrative": "5305000000", "researchAndDevelopment": "None", "operatingExpenses": "7620000000", "investmentIncomeNet": "None", "netInterestIncome": "-198000000", "interestIncome": "None", "interestExpense": "198000000", "nonInterestIncome": "None", "otherNonOperatingIncome": "None", "depreciation": "None", "depreciationAndAmortization": "308000000", "incomeBeforeTax": "389000000", "incomeTaxExpense": "167000000", "interestAndDebtExpense": "None", "netIncomeFromContinuingOperations": "222000000", "comprehensiveIncomeNetOfTax": "None", "ebit": "587000000", "ebitda": "895000000", "netIncome": "222000000"}, {"fiscalDateEnding": "2020-06-30", "reportedCurrency": "USD", "grossProfit": "9717000000", "totalRevenue": "29264000000", "costOfRevenue": "19547000000", "costofGoodsAndServicesSold": "19547000000", "operatingIncome": "3353000000", "sellingGeneralAndAdministrative": "4046000000", "researchAndDevelopment": "None", "operatingExpenses": "6364000000", "investmentIncomeNet": "None", "netInterestIncome": "-201000000", "interestIncome": "None", "interestExpense": "201000000", "nonInterestIncome": "None", "otherNonOperatingIncome": "None", "depreciation": "None", "depreciationAndAmortization": "286000000", "incomeBeforeTax": "3149000000", "incomeTaxExpense": "873000000", "interestAndDebtExpense": "None", "netIncomeFromContinuingOperations": "2276000000", "comprehensiveIncomeNetOfTax": "None", "ebit": "3350000000", "ebitda": "3636000000", "netIncome": "2276000000"}, {"fiscalDateEnding": "2020-03-31", "reportedCurrency": "USD", "grossProfit": "8132000000", "totalRevenue": "29621000000", "costOfRevenue": "21489000000", "costofGoodsAndServicesSold": "21489000000", "operatingIncome": "2284000000", "sellingGeneralAndAdministrative": "3781000000", "researchAndDevelopment": "None", "operatingExpenses": "5848000000", "investmentIncomeNet": "None", "netInterestIncome": "-194000000", "interestIncome": "194000000", "interestExpense": "194000000", "nonInterestIncome": "None", "otherNonOperatingIncome": "None", "depreciation": "None", "depreciationAndAmortization": "270000000", "incomeBeforeTax": "2089000000", "incomeTaxExpense": "566000000", "interestAndDebtExpense": "None", "netIncomeFromContinuingOperations": "1523000000", "comprehensiveIncomeNetOfTax": "None", "ebit": "2283000000", "ebitda": "2553000000", "netIncome": "1523000000"}, {"fiscalDateEnding": "2019-12-31", "reportedCurrency": "USD", "grossProfit": "6024000000", "totalRevenue": "27407000000", "costOfRevenue": "21383000000", "costofGoodsAndServicesSold": "21383000000", "operatingIncome": "1291000000", "sellingGeneralAndAdministrative": "3502000000", "researchAndDevelopment": "None", "operatingExpenses": "4733000000", "investmentIncomeNet": "None", "netInterestIncome": "-190000000", "interestIncome": "190000000", "interestExpense": "190000000", "nonInterestIncome": "None", "otherNonOperatingIncome": "None", "depreciation": "None", "depreciationAndAmortization": "246000000", "incomeBeforeTax": "1098000000", "incomeTaxExpense": "164000000", "interestAndDebtExpense": "None", "netIncomeFromContinuingOperations": "3290000000", "comprehensiveIncomeNetOfTax": "None", "ebit": "1288000000", "ebitda": "1534000000", "netIncome": "934000000"}, {"fiscalDateEnding": "2019-09-30", "reportedCurrency": "USD", "grossProfit": "5921000000", "totalRevenue": "26674000000", "costOfRevenue": "20753000000", "costofGoodsAndServicesSold": "20753000000", "operatingIncome": "1674000000", "sellingGeneralAndAdministrative": "3418000000", "researchAndDevelopment": "None", "operatingExpenses": "4247000000", "investmentIncomeNet": "None", "netInterestIncome": "-185000000", "interestIncome": "185000000", "interestExpense": "185000000", "nonInterestIncome": "None", "otherNonOperatingIncome": "None", "depreciation": "None", "depreciationAndAmortization": "301000000", "incomeBeforeTax": "1489000000", "incomeTaxExpense": "306000000", "interestAndDebtExpense": "None", "netIncomeFromContinuingOperations": "1183000000", "comprehensiveIncomeNetOfTax": "None", "ebit": "1674000000", "ebitda": "1975000000", "netIncome": "1183000000"}, {"fiscalDateEnding": "2019-06-30", "reportedCurrency": "USD", "grossProfit": "5098000000", "totalRevenue": "25466000000", "costOfRevenue": "20368000000", "costofGoodsAndServicesSold": "20368000000", "operatingIncome": "1637000000", "sellingGeneralAndAdministrative": "3278000000", "researchAndDevelopment": "None", "operatingExpenses": "3461000000", "investmentIncomeNet": "None", "netInterestIncome": "-184000000", "interestIncome": "184000000", "interestExpense": "184000000", "nonInterestIncome": "None", "otherNonOperatingIncome": "None", "depreciation": "None", "depreciationAndAmortization": "297000000", "incomeBeforeTax": "1453000000", "incomeTaxExpense": "314000000", "interestAndDebtExpense": "None", "netIncomeFromContinuingOperations": "1139000000", "comprehensiveIncomeNetOfTax": "None", "ebit": "1637000000", "ebitda": "1934000000", "netIncome": "1139000000"}, {"fiscalDateEnding": "2019-03-31", "reportedCurrency": "USD", "grossProfit": "5384000000", "totalRevenue": "24666000000", "costOfRevenue": "19282000000", "costofGoodsAndServicesSold": "19282000000", "operatingIncome": "2131000000", "sellingGeneralAndAdministrative": "3166000000", "researchAndDevelopment": "None", "operatingExpenses": "3253000000", "investmentIncomeNet": "None", "netInterestIncome": "-187000000", "interestIncome": "None", "interestExpense": "187000000", "nonInterestIncome": "None", "otherNonOperatingIncome": "None", "depreciation": "None", "depreciationAndAmortization": "289000000", "incomeBeforeTax": "1945000000", "incomeTaxExpense": "394000000", "interestAndDebtExpense": "None", "netIncomeFromContinuingOperations": "1551000000", "comprehensiveIncomeNetOfTax": "None", "ebit": "2132000000", "ebitda": "2421000000", "netIncome": "1551000000"}, {"fiscalDateEnding": "2018-12-31", "reportedCurrency": "USD", "grossProfit": "4437000000", "totalRevenue": "23373000000", "costOfRevenue": "18936000000", "costofGoodsAndServicesSold": "18936000000", "operatingIncome": "726000000", "sellingGeneralAndAdministrative": "9430700000", "researchAndDevelopment": "0", "operatingExpenses": "3711000000", "investmentIncomeNet": "None", "netInterestIncome": "None", "interestIncome": "None", "interestExpense": "189000000", "nonInterestIncome": "None", "otherNonOperatingIncome": "None", "depreciation": "None", "depreciationAndAmortization": "288000000", "incomeBeforeTax": "543000000", "incomeTaxExpense": "118000000", "interestAndDebtExpense": "None", "netIncomeFromContinuingOperations": "3060100000", "comprehensiveIncomeNetOfTax": "None", "ebit": "732000000", "ebitda": "1020000000", "netIncome": "425000000"}, {"fiscalDateEnding": "2018-09-30", "reportedCurrency": "USD", "grossProfit": "5066000000", "totalRevenue": "23251000000", "costOfRevenue": "18185000000", "costofGoodsAndServicesSold": "18185000000", "operatingIncome": "1429000000", "sellingGeneralAndAdministrative": "3216000000", "researchAndDevelopment": "0", "operatingExpenses": "3637000000", "investmentIncomeNet": "None", "netInterestIncome": "None", "interestIncome": "None", "interestExpense": "188000000", "nonInterestIncome": "None", "otherNonOperatingIncome": "None", "depreciation": "None", "depreciationAndAmortization": "288000000", "incomeBeforeTax": "1242000000", "incomeTaxExpense": "282000000", "interestAndDebtExpense": "None", "netIncomeFromContinuingOperations": "960000000", "comprehensiveIncomeNetOfTax": "None", "ebit": "1430300000", "ebitda": "1718300000", "netIncome": "960000000"}, {"fiscalDateEnding": "2018-06-30", "reportedCurrency": "USD", "grossProfit": "5215900000", "totalRevenue": "22943700000", "costOfRevenue": "17727800000", "costofGoodsAndServicesSold": "17727800000", "operatingIncome": "1694300000", "sellingGeneralAndAdministrative": "3104400000", "researchAndDevelopment": "0", "operatingExpenses": "3521600000", "investmentIncomeNet": "None", "netInterestIncome": "None", "interestIncome": "None", "interestExpense": "192000000", "nonInterestIncome": "None", "otherNonOperatingIncome": "None", "depreciation": "None", "depreciationAndAmortization": "286000000", "incomeBeforeTax": "1503500000", "incomeTaxExpense": "450100000", "interestAndDebtExpense": "None", "netIncomeFromContinuingOperations": "1053400000", "comprehensiveIncomeNetOfTax": "None", "ebit": "1695200000", "ebitda": "1981200000", "netIncome": "1053400000"}, {"fiscalDateEnding": "2018-03-31", "reportedCurrency": "USD", "grossProfit": "5491600000", "totalRevenue": "22537500000", "costOfRevenue": "17045900000", "costofGoodsAndServicesSold": "17045900000", "operatingIncome": "1983600000", "sellingGeneralAndAdministrative": "3110300000", "researchAndDevelopment": "0", "operatingExpenses": "3508000000", "investmentIncomeNet": "None", "netInterestIncome": "None", "interestIncome": "None", "interestExpense": "184000000", "nonInterestIncome": "None", "otherNonOperatingIncome": "None", "depreciation": "None", "depreciationAndAmortization": "270000000", "incomeBeforeTax": "1780300000", "incomeTaxExpense": "467800000", "interestAndDebtExpense": "None", "netIncomeFromContinuingOperations": "1312500000", "comprehensiveIncomeNetOfTax": "None", "ebit": "1964200000", "ebitda": "2234200000", "netIncome": "1312500000"}, {"fiscalDateEnding": "2017-12-31", "reportedCurrency": "USD", "grossProfit": "22680300000", "totalRevenue": "22680300000", "costOfRevenue": "18672600000", "costofGoodsAndServicesSold": "18672600000", "operatingIncome": "570200000", "sellingGeneralAndAdministrative": "3039900000", "researchAndDevelopment": "0", "operatingExpenses": "22556100000", "investmentIncomeNet": "None", "netInterestIncome": "None", "interestIncome": "None", "interestExpense": "163600000", "nonInterestIncome": "None", "otherNonOperatingIncome": "None", "depreciation": "None", "depreciationAndAmortization": "227500000", "incomeBeforeTax": "124200000", "incomeTaxExpense": "-1106500000", "interestAndDebtExpense": "None", "netIncomeFromContinuingOperations": "1472700000", "comprehensiveIncomeNetOfTax": "None", "ebit": "60300000", "ebitda": "287800000", "netIncome": "1230700000"}, {"fiscalDateEnding": "2017-09-30", "reportedCurrency": "USD", "grossProfit": "22426000000", "totalRevenue": "22426000000", "costOfRevenue": "18103600000", "costofGoodsAndServicesSold": "18103600000", "operatingIncome": "1269400000", "sellingGeneralAndAdministrative": "2663000000", "researchAndDevelopment": "0", "operatingExpenses": "21307000000", "investmentIncomeNet": "None", "netInterestIncome": "None", "interestIncome": "None", "interestExpense": "150000000", "nonInterestIncome": "None", "otherNonOperatingIncome": "None", "depreciation": "None", "depreciationAndAmortization": "223500000", "incomeBeforeTax": "1118900000", "incomeTaxExpense": "372000000", "interestAndDebtExpense": "None", "netIncomeFromContinuingOperations": "746900000", "comprehensiveIncomeNetOfTax": "None", "ebit": "1045900000", "ebitda": "1269400000", "netIncome": "746900000"}, {"fiscalDateEnding": "2017-06-30", "reportedCurrency": "USD", "grossProfit": "22407200000", "totalRevenue": "22407200000", "costOfRevenue": "17917200000", "costofGoodsAndServicesSold": "17917200000", "operatingIncome": "1395600000", "sellingGeneralAndAdministrative": "2708300000", "researchAndDevelopment": "0", "operatingExpenses": "21201500000", "investmentIncomeNet": "None", "netInterestIncome": "None", "interestIncome": "None", "interestExpense": "189900000", "nonInterestIncome": "None", "otherNonOperatingIncome": "None", "depreciation": "None", "depreciationAndAmortization": "218800000", "incomeBeforeTax": "1205700000", "incomeTaxExpense": "350400000", "interestAndDebtExpense": "None", "netIncomeFromContinuingOperations": "855300000", "comprehensiveIncomeNetOfTax": "None", "ebit": "1176800000", "ebitda": "1395600000", "netIncome": "855300000"}, {"fiscalDateEnding": "2017-03-31", "reportedCurrency": "USD", "grossProfit": "22525900000", "totalRevenue": "22525900000", "costOfRevenue": "17542800000", "costofGoodsAndServicesSold": "17542800000", "operatingIncome": "1750000000", "sellingGeneralAndAdministrative": "2842700000", "researchAndDevelopment": "0", "operatingExpenses": "21010900000", "investmentIncomeNet": "None", "netInterestIncome": "None", "interestIncome": "None", "interestExpense": "235000000", "nonInterestIncome": "None", "otherNonOperatingIncome": "None", "depreciation": "None", "depreciationAndAmortization": "220700000", "incomeBeforeTax": "1515000000", "incomeTaxExpense": "505100000", "interestAndDebtExpense": "None", "netIncomeFromContinuingOperations": "1009900000", "comprehensiveIncomeNetOfTax": "None", "ebit": "1529300000", "ebitda": "1750000000", "netIncome": "1009900000"}, {"fiscalDateEnding": "2016-12-31", "reportedCurrency": "USD", "grossProfit": "21714400000", "totalRevenue": "21726200000", "costOfRevenue": "17567900000", "costofGoodsAndServicesSold": "17567900000", "operatingIncome": "847700000", "sellingGeneralAndAdministrative": "2912400000", "researchAndDevelopment": "0", "operatingExpenses": "3310600000", "investmentIncomeNet": "None", "netInterestIncome": "None", "interestIncome": "None", "interestExpense": "177300000", "nonInterestIncome": "None", "otherNonOperatingIncome": "None", "depreciation": "None", "depreciationAndAmortization": "232400000", "incomeBeforeTax": "658600000", "incomeTaxExpense": "290200000", "interestAndDebtExpense": "None", "netIncomeFromContinuingOperations": "3413400000", "comprehensiveIncomeNetOfTax": "None", "ebit": "676400000", "ebitda": "908800000", "netIncome": "368400000"}, {"fiscalDateEnding": "2016-09-30", "reportedCurrency": "USD", "grossProfit": "21403900000", "totalRevenue": "21414900000", "costOfRevenue": "16922500000", "costofGoodsAndServicesSold": "16922500000", "operatingIncome": "1346400000", "sellingGeneralAndAdministrative": "2786100000", "researchAndDevelopment": "0", "operatingExpenses": "3146000000", "investmentIncomeNet": "None", "netInterestIncome": "None", "interestIncome": "None", "interestExpense": "172900000", "nonInterestIncome": "None", "otherNonOperatingIncome": "None", "depreciation": "None", "depreciationAndAmortization": "228300000", "incomeBeforeTax": "1136500000", "incomeTaxExpense": "518700000", "interestAndDebtExpense": "None", "netIncomeFromContinuingOperations": "617800000", "comprehensiveIncomeNetOfTax": "None", "ebit": "1154500000", "ebitda": "1382800000", "netIncome": "617800000"}, {"fiscalDateEnding": "2016-06-30", "reportedCurrency": "USD", "grossProfit": "21456200000", "totalRevenue": "21456200000", "costOfRevenue": "17038800000", "costofGoodsAndServicesSold": "17038800000", "operatingIncome": "1448300000", "sellingGeneralAndAdministrative": "2617600000", "researchAndDevelopment": "0", "operatingExpenses": "20007900000", "investmentIncomeNet": "None", "netInterestIncome": "None", "interestIncome": "None", "interestExpense": "185700000", "nonInterestIncome": "None", "otherNonOperatingIncome": "None", "depreciation": "None", "depreciationAndAmortization": "225800000", "incomeBeforeTax": "1448300000", "incomeTaxExpense": "667700000", "interestAndDebtExpense": "None", "netIncomeFromContinuingOperations": "780600000", "comprehensiveIncomeNetOfTax": "None", "ebit": "1634000000", "ebitda": "1859800000", "netIncome": "780600000"}, {"fiscalDateEnding": "2016-03-31", "reportedCurrency": "USD", "grossProfit": "20288500000", "totalRevenue": "20288500000", "costOfRevenue": "15776300000", "costofGoodsAndServicesSold": "15776300000", "operatingIncome": "1312000000", "sellingGeneralAndAdministrative": "2850300000", "researchAndDevelopment": "0", "operatingExpenses": "18976500000", "investmentIncomeNet": "None", "netInterestIncome": "None", "interestIncome": "None", "interestExpense": "187100000", "nonInterestIncome": "None", "otherNonOperatingIncome": "None", "depreciation": "None", "depreciationAndAmortization": "225300000", "incomeBeforeTax": "1312000000", "incomeTaxExpense": "609000000", "interestAndDebtExpense": "None", "netIncomeFromContinuingOperations": "703000000", "comprehensiveIncomeNetOfTax": "None", "ebit": "1499100000", "ebitda": "1724400000", "netIncome": "703000000"}, {"fiscalDateEnding": "2015-12-31", "reportedCurrency": "USD", "grossProfit": "20187900000", "totalRevenue": "20187900000", "costOfRevenue": "7278800000", "costofGoodsAndServicesSold": "7278800000", "operatingIncome": "374300000", "sellingGeneralAndAdministrative": "2918400000", "researchAndDevelopment": "0", "operatingExpenses": "19813600000", "investmentIncomeNet": "None", "netInterestIncome": "None", "interestIncome": "None", "interestExpense": "179700000", "nonInterestIncome": "None", "otherNonOperatingIncome": "None", "depreciation": "None", "depreciationAndAmortization": "231300000", "incomeBeforeTax": "374300000", "incomeTaxExpense": "193400000", "interestAndDebtExpense": "None", "netIncomeFromContinuingOperations": "180900000", "comprehensiveIncomeNetOfTax": "None", "ebit": "554000000", "ebitda": "785300000", "netIncome": "180900000"}, {"fiscalDateEnding": "2015-09-30", "reportedCurrency": "USD", "grossProfit": "19901600000", "totalRevenue": "19901600000", "costOfRevenue": "15691600000", "costofGoodsAndServicesSold": "15691600000", "operatingIncome": "1129600000", "sellingGeneralAndAdministrative": "2721300000", "researchAndDevelopment": "0", "operatingExpenses": "18772000000", "investmentIncomeNet": "None", "netInterestIncome": "None", "interestIncome": "None", "interestExpense": "164800000", "nonInterestIncome": "None", "otherNonOperatingIncome": "None", "depreciation": "None", "depreciationAndAmortization": "-29200000", "incomeBeforeTax": "1129600000", "incomeTaxExpense": "474800000", "interestAndDebtExpense": "None", "netIncomeFromContinuingOperations": "654800000", "comprehensiveIncomeNetOfTax": "None", "ebit": "1294400000", "ebitda": "1265200000", "netIncome": "654800000"}, {"fiscalDateEnding": "2015-06-30", "reportedCurrency": "USD", "grossProfit": "20015500000", "totalRevenue": "20015500000", "costOfRevenue": "15416700000", "costofGoodsAndServicesSold": "15416700000", "operatingIncome": "1558000000", "sellingGeneralAndAdministrative": "2677000000", "researchAndDevelopment": "0", "operatingExpenses": "18457500000", "investmentIncomeNet": "None", "netInterestIncome": "None", "interestIncome": "None", "interestExpense": "154100000", "nonInterestIncome": "None", "otherNonOperatingIncome": "None", "depreciation": "None", "depreciationAndAmortization": "491500000", "incomeBeforeTax": "1558000000", "incomeTaxExpense": "698900000", "interestAndDebtExpense": "None", "netIncomeFromContinuingOperations": "859100000", "comprehensiveIncomeNetOfTax": "None", "ebit": "1712100000", "ebitda": "2203600000", "netIncome": "859100000"}, {"fiscalDateEnding": "2015-03-31", "reportedCurrency": "USD", "grossProfit": "19051500000", "totalRevenue": "19051500000", "costOfRevenue": "14337200000", "costofGoodsAndServicesSold": "14337200000", "operatingIncome": "1569100000", "sellingGeneralAndAdministrative": "2777000000", "researchAndDevelopment": "0", "operatingExpenses": "17482400000", "investmentIncomeNet": "None", "netInterestIncome": "None", "interestIncome": "None", "interestExpense": "154400000", "nonInterestIncome": "None", "otherNonOperatingIncome": "None", "depreciation": "None", "depreciationAndAmortization": "214300000", "incomeBeforeTax": "1569100000", "incomeTaxExpense": "703900000", "interestAndDebtExpense": "None", "netIncomeFromContinuingOperations": "865200000", "comprehensiveIncomeNetOfTax": "None", "ebit": "1723500000", "ebitda": "1937800000", "netIncome": "865200000"}, {"fiscalDateEnding": "2014-12-31", "reportedCurrency": "USD", "grossProfit": "18984300000", "totalRevenue": "18984300000", "costOfRevenue": "6348800000", "costofGoodsAndServicesSold": "6348800000", "operatingIncome": "887100000", "sellingGeneralAndAdministrative": "2676500000", "researchAndDevelopment": "0", "operatingExpenses": "18097200000", "investmentIncomeNet": "None", "netInterestIncome": "None", "interestIncome": "None", "interestExpense": "153600000", "nonInterestIncome": "None", "otherNonOperatingIncome": "None", "depreciation": "None", "depreciationAndAmortization": "208100000", "incomeBeforeTax": "887100000", "incomeTaxExpense": "380400000", "interestAndDebtExpense": "None", "netIncomeFromContinuingOperations": "2560100000", "comprehensiveIncomeNetOfTax": "None", "ebit": "1040700000", "ebitda": "1248800000", "netIncome": "506700000"}, {"fiscalDateEnding": "2014-09-30", "reportedCurrency": "USD", "grossProfit": "18557000000", "totalRevenue": "18557000000", "costOfRevenue": "14501500000", "costofGoodsAndServicesSold": "14501500000", "operatingIncome": "1087200000", "sellingGeneralAndAdministrative": "2594000000", "researchAndDevelopment": "0", "operatingExpenses": "17469800000", "investmentIncomeNet": "None", "netInterestIncome": "None", "interestIncome": "None", "interestExpense": "155300000", "nonInterestIncome": "None", "otherNonOperatingIncome": "None", "depreciation": "None", "depreciationAndAmortization": "208100000", "incomeBeforeTax": "1087200000", "incomeTaxExpense": "456300000", "interestAndDebtExpense": "None", "netIncomeFromContinuingOperations": "630900000", "comprehensiveIncomeNetOfTax": "None", "ebit": "1242500000", "ebitda": "1450600000", "netIncome": "630900000"}, {"fiscalDateEnding": "2014-06-30", "reportedCurrency": "USD", "grossProfit": "18473400000", "totalRevenue": "18473400000", "costOfRevenue": "14323900000", "costofGoodsAndServicesSold": "14323900000", "operatingIncome": "1263700000", "sellingGeneralAndAdministrative": "2497100000", "researchAndDevelopment": "0", "operatingExpenses": "17209700000", "investmentIncomeNet": "None", "netInterestIncome": "None", "interestIncome": "None", "interestExpense": "145600000", "nonInterestIncome": "None", "otherNonOperatingIncome": "None", "depreciation": "None", "depreciationAndAmortization": "218100000", "incomeBeforeTax": "1263700000", "incomeTaxExpense": "532600000", "interestAndDebtExpense": "None", "netIncomeFromContinuingOperations": "731100000", "comprehensiveIncomeNetOfTax": "None", "ebit": "1409300000", "ebitda": "1627400000", "netIncome": "731100000"}, {"fiscalDateEnding": "2014-03-31", "reportedCurrency": "USD", "grossProfit": "17859400000", "totalRevenue": "17859400000", "costOfRevenue": "13867800000", "costofGoodsAndServicesSold": "13867800000", "operatingIncome": "1130100000", "sellingGeneralAndAdministrative": "2490700000", "researchAndDevelopment": "0", "operatingExpenses": "16729300000", "investmentIncomeNet": "None", "netInterestIncome": "None", "interestIncome": "None", "interestExpense": "146200000", "nonInterestIncome": "None", "otherNonOperatingIncome": "None", "depreciation": "None", "depreciationAndAmortization": "216700000", "incomeBeforeTax": "1130100000", "incomeTaxExpense": "438700000", "interestAndDebtExpense": "None", "netIncomeFromContinuingOperations": "0", "comprehensiveIncomeNetOfTax": "None", "ebit": "1276300000", "ebitda": "1493000000", "netIncome": "701000000"}, {"fiscalDateEnding": "2013-12-31", "reportedCurrency": "USD", "grossProfit": "17570900000", "totalRevenue": "17570900000", "costOfRevenue": "7158200000", "costofGoodsAndServicesSold": "7158200000", "operatingIncome": "459800000", "sellingGeneralAndAdministrative": "2150400000", "researchAndDevelopment": "0", "operatingExpenses": "17111100000", "investmentIncomeNet": "None", "netInterestIncome": "None", "interestIncome": "None", "interestExpense": "145800000", "nonInterestIncome": "None", "otherNonOperatingIncome": "None", "depreciation": "None", "depreciationAndAmortization": "237700000", "incomeBeforeTax": "459800000", "incomeTaxExpense": "167000000", "interestAndDebtExpense": "None", "netIncomeFromContinuingOperations": "1498700000", "comprehensiveIncomeNetOfTax": "None", "ebit": "605600000", "ebitda": "843300000", "netIncome": "148200000"}, {"fiscalDateEnding": "2013-09-30", "reportedCurrency": "USD", "grossProfit": "17855500000", "totalRevenue": "17855500000", "costOfRevenue": "14507000000", "costofGoodsAndServicesSold": "14507000000", "operatingIncome": "879700000", "sellingGeneralAndAdministrative": "2165400000", "researchAndDevelopment": "0", "operatingExpenses": "16975800000", "investmentIncomeNet": "None", "netInterestIncome": "None", "interestIncome": "None", "interestExpense": "151500000", "nonInterestIncome": "None", "otherNonOperatingIncome": "None", "depreciation": "None", "depreciationAndAmortization": "231100000", "incomeBeforeTax": "879700000", "incomeTaxExpense": "225900000", "interestAndDebtExpense": "None", "netIncomeFromContinuingOperations": "656200000", "comprehensiveIncomeNetOfTax": "None", "ebit": "1031200000", "ebitda": "1262300000", "netIncome": "656200000"}, {"fiscalDateEnding": "2013-06-30", "reportedCurrency": "USD", "grossProfit": "17690300000", "totalRevenue": "17690300000", "costOfRevenue": "14114600000", "costofGoodsAndServicesSold": "14114600000", "operatingIncome": "1208100000", "sellingGeneralAndAdministrative": "2058900000", "researchAndDevelopment": "0", "operatingExpenses": "16482200000", "investmentIncomeNet": "None", "netInterestIncome": "None", "interestIncome": "None", "interestExpense": "151900000", "nonInterestIncome": "None", "otherNonOperatingIncome": "None", "depreciation": "None", "depreciationAndAmortization": "228000000", "incomeBeforeTax": "1208100000", "incomeTaxExpense": "408800000", "interestAndDebtExpense": "None", "netIncomeFromContinuingOperations": "800100000", "comprehensiveIncomeNetOfTax": "None", "ebit": "1360000000", "ebitda": "1588000000", "netIncome": "800100000"}, {"fiscalDateEnding": "2013-03-31", "reportedCurrency": "USD", "grossProfit": "17576000000", "totalRevenue": "17576000000", "costOfRevenue": "14035100000", "costofGoodsAndServicesSold": "14035100000", "operatingIncome": "1282500000", "sellingGeneralAndAdministrative": "1943200000", "researchAndDevelopment": "0", "operatingExpenses": "16293500000", "investmentIncomeNet": "None", "netInterestIncome": "None", "interestIncome": "None", "interestExpense": "153500000", "nonInterestIncome": "None", "otherNonOperatingIncome": "None", "depreciation": "None", "depreciationAndAmortization": "212000000", "incomeBeforeTax": "1282500000", "incomeTaxExpense": "410200000", "interestAndDebtExpense": "None", "netIncomeFromContinuingOperations": "885200000", "comprehensiveIncomeNetOfTax": "None", "ebit": "1436000000", "ebitda": "1648000000", "netIncome": "885200000"}, {"fiscalDateEnding": "2012-12-31", "reportedCurrency": "USD", "grossProfit": "15536100000", "totalRevenue": "15536100000", "costOfRevenue": "6316400000", "costofGoodsAndServicesSold": "6316400000", "operatingIncome": "481400000", "sellingGeneralAndAdministrative": "2001800000", "researchAndDevelopment": "0", "operatingExpenses": "15054700000", "investmentIncomeNet": "None", "netInterestIncome": "None", "interestIncome": "None", "interestExpense": "151500000", "nonInterestIncome": "None", "otherNonOperatingIncome": "None", "depreciation": "None", "depreciationAndAmortization": "193100000", "incomeBeforeTax": "481400000", "incomeTaxExpense": "17200000", "interestAndDebtExpense": "None", "netIncomeFromContinuingOperations": "0", "comprehensiveIncomeNetOfTax": "None", "ebit": "632900000", "ebitda": "826000000", "netIncome": "464200000"}, {"fiscalDateEnding": "2012-09-30", "reportedCurrency": "USD", "grossProfit": "15353100000", "totalRevenue": "15353100000", "costOfRevenue": "12248800000", "costofGoodsAndServicesSold": "12248800000", "operatingIncome": "1025700000", "sellingGeneralAndAdministrative": "1688400000", "researchAndDevelopment": "0", "operatingExpenses": "14327400000", "investmentIncomeNet": "None", "netInterestIncome": "None", "interestIncome": "None", "interestExpense": "133600000", "nonInterestIncome": "None", "otherNonOperatingIncome": "None", "depreciation": "None", "depreciationAndAmortization": "186900000", "incomeBeforeTax": "1025700000", "incomeTaxExpense": "334500000", "interestAndDebtExpense": "None", "netIncomeFromContinuingOperations": "0", "comprehensiveIncomeNetOfTax": "None", "ebit": "1159300000", "ebitda": "1346200000", "netIncome": "691200000"}, {"fiscalDateEnding": "2012-06-30", "reportedCurrency": "USD", "grossProfit": "15407300000", "totalRevenue": "15407300000", "costOfRevenue": "12276900000", "costofGoodsAndServicesSold": "12276900000", "operatingIncome": "1048600000", "sellingGeneralAndAdministrative": "1688800000", "researchAndDevelopment": "0", "operatingExpenses": "14358700000", "investmentIncomeNet": "None", "netInterestIncome": "None", "interestIncome": "None", "interestExpense": "117600000", "nonInterestIncome": "None", "otherNonOperatingIncome": "None", "depreciation": "None", "depreciationAndAmortization": "182000000", "incomeBeforeTax": "1048600000", "incomeTaxExpense": "405000000", "interestAndDebtExpense": "None", "netIncomeFromContinuingOperations": "0", "comprehensiveIncomeNetOfTax": "None", "ebit": "1166200000", "ebitda": "1348200000", "netIncome": "643600000"}, {"fiscalDateEnding": "2012-03-31", "reportedCurrency": "USD", "grossProfit": "15415200000", "totalRevenue": "15415200000", "costOfRevenue": "11939700000", "costofGoodsAndServicesSold": "11939700000", "operatingIncome": "1309800000", "sellingGeneralAndAdministrative": "1772400000", "researchAndDevelopment": "0", "operatingExpenses": "14105400000", "investmentIncomeNet": "None", "netInterestIncome": "None", "interestIncome": "None", "interestExpense": "109100000", "nonInterestIncome": "None", "otherNonOperatingIncome": "None", "depreciation": "None", "depreciationAndAmortization": "178700000", "incomeBeforeTax": "1309800000", "incomeTaxExpense": "453300000", "interestAndDebtExpense": "None", "netIncomeFromContinuingOperations": "0", "comprehensiveIncomeNetOfTax": "None", "ebit": "1418900000", "ebitda": "1597600000", "netIncome": "856500000"}, {"fiscalDateEnding": "2011-12-31", "reportedCurrency": "USD", "grossProfit": "15317700000", "totalRevenue": "15317700000", "costOfRevenue": "6403900000", "costofGoodsAndServicesSold": "6403900000", "operatingIncome": "478200000", "sellingGeneralAndAdministrative": "1817200000", "researchAndDevelopment": "0", "operatingExpenses": "14839500000", "investmentIncomeNet": "None", "netInterestIncome": "None", "interestIncome": "None", "interestExpense": "112600000", "nonInterestIncome": "None", "otherNonOperatingIncome": "None", "depreciation": "None", "depreciationAndAmortization": "179800000", "incomeBeforeTax": "478200000", "incomeTaxExpense": "142900000", "interestAndDebtExpense": "None", "netIncomeFromContinuingOperations": "0", "comprehensiveIncomeNetOfTax": "None", "ebit": "590800000", "ebitda": "770600000", "netIncome": "335300000"}, {"fiscalDateEnding": "2011-09-30", "reportedCurrency": "USD", "grossProfit": "15398000000", "totalRevenue": "15398000000", "costOfRevenue": "12233200000", "costofGoodsAndServicesSold": "12233200000", "operatingIncome": "1045200000", "sellingGeneralAndAdministrative": "1716600000", "researchAndDevelopment": "0", "operatingExpenses": "14352800000", "investmentIncomeNet": "None", "netInterestIncome": "None", "interestIncome": "None", "interestExpense": "108200000", "nonInterestIncome": "None", "otherNonOperatingIncome": "None", "depreciation": "None", "depreciationAndAmortization": "151900000", "incomeBeforeTax": "1045200000", "incomeTaxExpense": "362000000", "interestAndDebtExpense": "None", "netIncomeFromContinuingOperations": "683200000", "comprehensiveIncomeNetOfTax": "None", "ebit": "1153400000", "ebitda": "1305300000", "netIncome": "683200000"}, {"fiscalDateEnding": "2011-06-30", "reportedCurrency": "USD", "grossProfit": "15100700000", "totalRevenue": "15100700000", "costOfRevenue": "12082200000", "costofGoodsAndServicesSold": "12082200000", "operatingIncome": "1007400000", "sellingGeneralAndAdministrative": "1605500000", "researchAndDevelopment": "0", "operatingExpenses": "14093300000", "investmentIncomeNet": "None", "netInterestIncome": "None", "interestIncome": "None", "interestExpense": "103600000", "nonInterestIncome": "None", "otherNonOperatingIncome": "None", "depreciation": "None", "depreciationAndAmortization": "154800000", "incomeBeforeTax": "1007400000", "incomeTaxExpense": "305800000", "interestAndDebtExpense": "None", "netIncomeFromContinuingOperations": "701600000", "comprehensiveIncomeNetOfTax": "None", "ebit": "1111000000", "ebitda": "1265800000", "netIncome": "701600000"}, {"fiscalDateEnding": "2011-03-31", "reportedCurrency": "USD", "grossProfit": "14894300000", "totalRevenue": "14894300000", "costOfRevenue": "11390700000", "costofGoodsAndServicesSold": "11390700000", "operatingIncome": "1427100000", "sellingGeneralAndAdministrative": "1679500000", "researchAndDevelopment": "0", "operatingExpenses": "13467200000", "investmentIncomeNet": "None", "netInterestIncome": "None", "interestIncome": "None", "interestExpense": "105900000", "nonInterestIncome": "None", "otherNonOperatingIncome": "None", "depreciation": "None", "depreciationAndAmortization": "150700000", "incomeBeforeTax": "1427100000", "incomeTaxExpense": "500500000", "interestAndDebtExpense": "None", "netIncomeFromContinuingOperations": "926600000", "comprehensiveIncomeNetOfTax": "None", "ebit": "1533000000", "ebitda": "1683700000", "netIncome": "926600000"}, {"fiscalDateEnding": "2010-12-31", "reportedCurrency": "USD", "grossProfit": "14647900000", "totalRevenue": "14647900000", "costOfRevenue": "5056400000", "costofGoodsAndServicesSold": "5056400000", "operatingIncome": "752100000", "sellingGeneralAndAdministrative": "1963200000", "researchAndDevelopment": "0", "operatingExpenses": "13895800000", "investmentIncomeNet": "None", "netInterestIncome": "None", "interestIncome": "None", "interestExpense": "113000000", "nonInterestIncome": "None", "otherNonOperatingIncome": "None", "depreciation": "None", "depreciationAndAmortization": "522600000", "incomeBeforeTax": "752100000", "incomeTaxExpense": "203300000", "interestAndDebtExpense": "None", "netIncomeFromContinuingOperations": "0", "comprehensiveIncomeNetOfTax": "None", "ebit": "865100000", "ebitda": "1387700000", "netIncome": "548800000"}, {"fiscalDateEnding": "2010-09-30", "reportedCurrency": "USD", "grossProfit": "14572300000", "totalRevenue": "14572300000", "costOfRevenue": "11371400000", "costofGoodsAndServicesSold": "11371400000", "operatingIncome": "1136800000", "sellingGeneralAndAdministrative": "1662500000", "researchAndDevelopment": "0", "operatingExpenses": "13435500000", "investmentIncomeNet": "None", "netInterestIncome": "None", "interestIncome": "None", "interestExpense": "106300000", "nonInterestIncome": "None", "otherNonOperatingIncome": "None", "depreciation": "None", "depreciationAndAmortization": "155800000", "incomeBeforeTax": "1136800000", "incomeTaxExpense": "397700000", "interestAndDebtExpense": "None", "netIncomeFromContinuingOperations": "0", "comprehensiveIncomeNetOfTax": "None", "ebit": "1243100000", "ebitda": "1398900000", "netIncome": "739100000"}, {"fiscalDateEnding": "2010-06-30", "reportedCurrency": "USD", "grossProfit": "14431300000", "totalRevenue": "14431300000", "costOfRevenue": "11146100000", "costofGoodsAndServicesSold": "11146100000", "operatingIncome": "1129600000", "sellingGeneralAndAdministrative": "1751600000", "researchAndDevelopment": "0", "operatingExpenses": "13301700000", "investmentIncomeNet": "None", "netInterestIncome": "None", "interestIncome": "None", "interestExpense": "100200000", "nonInterestIncome": "None", "otherNonOperatingIncome": "None", "depreciation": "None", "depreciationAndAmortization": "147200000", "incomeBeforeTax": "1129600000", "incomeTaxExpense": "407200000", "interestAndDebtExpense": "None", "netIncomeFromContinuingOperations": "0", "comprehensiveIncomeNetOfTax": "None", "ebit": "1229800000", "ebitda": "1377000000", "netIncome": "722400000"}, {"fiscalDateEnding": "2010-03-31", "reportedCurrency": "USD", "grossProfit": "15072900000", "totalRevenue": "15072900000", "costOfRevenue": "11562600000", "costofGoodsAndServicesSold": "11562600000", "operatingIncome": "1335300000", "sellingGeneralAndAdministrative": "1771700000", "researchAndDevelopment": "0", "operatingExpenses": "13737600000", "investmentIncomeNet": "None", "netInterestIncome": "None", "interestIncome": "None", "interestExpense": "99400000", "nonInterestIncome": "None", "otherNonOperatingIncome": "None", "depreciation": "None", "depreciationAndAmortization": "139500000", "incomeBeforeTax": "1335300000", "incomeTaxExpense": "458500000", "interestAndDebtExpense": "None", "netIncomeFromContinuingOperations": "0", "comprehensiveIncomeNetOfTax": "None", "ebit": "1434700000", "ebitda": "1574200000", "netIncome": "876800000"}, {"fiscalDateEnding": "2009-12-31", "reportedCurrency": "USD", "grossProfit": "19046500000", "totalRevenue": "19046500000", "costOfRevenue": "5047700000", "costofGoodsAndServicesSold": "5047700000", "operatingIncome": "4339700000", "sellingGeneralAndAdministrative": "2141900000", "researchAndDevelopment": "0", "operatingExpenses": "14706800000", "investmentIncomeNet": "None", "netInterestIncome": "None", "interestIncome": "None", "interestExpense": "103700000", "nonInterestIncome": "None", "otherNonOperatingIncome": "None", "depreciation": "None", "depreciationAndAmortization": "28400000", "incomeBeforeTax": "4339700000", "incomeTaxExpense": "1597900000", "interestAndDebtExpense": "None", "netIncomeFromContinuingOperations": "0", "comprehensiveIncomeNetOfTax": "None", "ebit": "4443400000", "ebitda": "4471800000", "netIncome": "2741800000"}, {"fiscalDateEnding": "2009-09-30", "reportedCurrency": "USD", "grossProfit": "15425100000", "totalRevenue": "15425100000", "costOfRevenue": "11911000000", "costofGoodsAndServicesSold": "11911000000", "operatingIncome": "1117200000", "sellingGeneralAndAdministrative": "1839700000", "researchAndDevelopment": "0", "operatingExpenses": "14307900000", "investmentIncomeNet": "None", "netInterestIncome": "None", "interestIncome": "None", "interestExpense": "110600000", "nonInterestIncome": "None", "otherNonOperatingIncome": "None", "depreciation": "None", "depreciationAndAmortization": "26400000", "incomeBeforeTax": "1117200000", "incomeTaxExpense": "387000000", "interestAndDebtExpense": "None", "netIncomeFromContinuingOperations": "0", "comprehensiveIncomeNetOfTax": "None", "ebit": "1227800000", "ebitda": "1254200000", "netIncome": "730200000"}, {"fiscalDateEnding": "2009-06-30", "reportedCurrency": "USD", "grossProfit": "15413200000", "totalRevenue": "15413200000", "costOfRevenue": "12017200000", "costofGoodsAndServicesSold": "12017200000", "operatingIncome": "1052500000", "sellingGeneralAndAdministrative": "1784700000", "researchAndDevelopment": "0", "operatingExpenses": "14360700000", "investmentIncomeNet": "None", "netInterestIncome": "None", "interestIncome": "None", "interestExpense": "117000000", "nonInterestIncome": "None", "otherNonOperatingIncome": "None", "depreciation": "None", "depreciationAndAmortization": "26200000", "incomeBeforeTax": "1052500000", "incomeTaxExpense": "359000000", "interestAndDebtExpense": "None", "netIncomeFromContinuingOperations": "0", "comprehensiveIncomeNetOfTax": "None", "ebit": "1169500000", "ebitda": "1195700000", "netIncome": "693500000"}, {"fiscalDateEnding": "2009-03-31", "reportedCurrency": "USD", "grossProfit": "15143300000", "totalRevenue": "15143300000", "costOfRevenue": "11884600000", "costofGoodsAndServicesSold": "11884600000", "operatingIncome": "893600000", "sellingGeneralAndAdministrative": "1796900000", "researchAndDevelopment": "0", "operatingExpenses": "14249700000", "investmentIncomeNet": "None", "netInterestIncome": "None", "interestIncome": "None", "interestExpense": "116100000", "nonInterestIncome": "None", "otherNonOperatingIncome": "None", "depreciation": "None", "depreciationAndAmortization": "26100000", "incomeBeforeTax": "893600000", "incomeTaxExpense": "313200000", "interestAndDebtExpense": "None", "netIncomeFromContinuingOperations": "0", "comprehensiveIncomeNetOfTax": "None", "ebit": "1009700000", "ebitda": "1035800000", "netIncome": "580400000"}, {"fiscalDateEnding": "2008-12-31", "reportedCurrency": "USD", "grossProfit": "15069600000", "totalRevenue": "15069600000", "costOfRevenue": "5541300000", "costofGoodsAndServicesSold": "5541300000", "operatingIncome": "507800000", "sellingGeneralAndAdministrative": "1892300000", "researchAndDevelopment": "0", "operatingExpenses": "14561800000", "investmentIncomeNet": "None", "netInterestIncome": "None", "interestIncome": "None", "interestExpense": "115900000", "nonInterestIncome": "None", "otherNonOperatingIncome": "None", "depreciation": "None", "depreciationAndAmortization": "26700000", "incomeBeforeTax": "507800000", "incomeTaxExpense": "176400000", "interestAndDebtExpense": "None", "netIncomeFromContinuingOperations": "0", "comprehensiveIncomeNetOfTax": "None", "ebit": "623700000", "ebitda": "650400000", "netIncome": "331400000"}, {"fiscalDateEnding": "2008-09-30", "reportedCurrency": "USD", "grossProfit": "14961000000", "totalRevenue": "14961000000", "costOfRevenue": "12191400000", "costofGoodsAndServicesSold": "12191400000", "operatingIncome": "549400000", "sellingGeneralAndAdministrative": "1772000000", "researchAndDevelopment": "0", "operatingExpenses": "14411600000", "investmentIncomeNet": "None", "netInterestIncome": "None", "interestIncome": "None", "interestExpense": "118400000", "nonInterestIncome": "None", "otherNonOperatingIncome": "None", "depreciation": "None", "depreciationAndAmortization": "26800000", "incomeBeforeTax": "549400000", "incomeTaxExpense": "-271300000", "interestAndDebtExpense": "None", "netIncomeFromContinuingOperations": "0", "comprehensiveIncomeNetOfTax": "None", "ebit": "667800000", "ebitda": "694600000", "netIncome": "820700000"}, {"fiscalDateEnding": "2008-06-30", "reportedCurrency": "USD", "grossProfit": "15666800000", "totalRevenue": "15666800000", "costOfRevenue": "12262200000", "costofGoodsAndServicesSold": "12262200000", "operatingIncome": "1186000000", "sellingGeneralAndAdministrative": "1773500000", "researchAndDevelopment": "0", "operatingExpenses": "14480800000", "investmentIncomeNet": "None", "netInterestIncome": "None", "interestIncome": "None", "interestExpense": "116500000", "nonInterestIncome": "None", "otherNonOperatingIncome": "None", "depreciation": "None", "depreciationAndAmortization": "26100000", "incomeBeforeTax": "1186000000", "incomeTaxExpense": "435500000", "interestAndDebtExpense": "None", "netIncomeFromContinuingOperations": "0", "comprehensiveIncomeNetOfTax": "None", "ebit": "1302500000", "ebitda": "1328600000", "netIncome": "750500000"}, {"fiscalDateEnding": "2008-03-31", "reportedCurrency": "USD", "grossProfit": "15553700000", "totalRevenue": "15553700000", "costOfRevenue": "12425900000", "costofGoodsAndServicesSold": "12425900000", "operatingIncome": "879200000", "sellingGeneralAndAdministrative": "1804300000", "researchAndDevelopment": "0", "operatingExpenses": "14674500000", "investmentIncomeNet": "None", "netInterestIncome": "None", "interestIncome": "None", "interestExpense": "119000000", "nonInterestIncome": "None", "otherNonOperatingIncome": "None", "depreciation": "None", "depreciationAndAmortization": "25800000", "incomeBeforeTax": "879200000", "incomeTaxExpense": "291100000", "interestAndDebtExpense": "None", "netIncomeFromContinuingOperations": "0", "comprehensiveIncomeNetOfTax": "None", "ebit": "998200000", "ebitda": "1024000000", "netIncome": "588100000"}, {"fiscalDateEnding": "2007-12-31", "reportedCurrency": "USD", "grossProfit": "15561400000", "totalRevenue": "15561400000", "costOfRevenue": "5537100000", "costofGoodsAndServicesSold": "5537100000", "operatingIncome": "1322800000", "sellingGeneralAndAdministrative": "1686300000", "researchAndDevelopment": "0", "operatingExpenses": "14238600000", "investmentIncomeNet": "None", "netInterestIncome": "None", "interestIncome": "None", "interestExpense": "125300000", "nonInterestIncome": "None", "otherNonOperatingIncome": "None", "depreciation": "None", "depreciationAndAmortization": "144100000", "incomeBeforeTax": "1322800000", "incomeTaxExpense": "463700000", "interestAndDebtExpense": "None", "netIncomeFromContinuingOperations": "0", "comprehensiveIncomeNetOfTax": "None", "ebit": "1448100000", "ebitda": "1592200000", "netIncome": "859100000"}, {"fiscalDateEnding": "2007-09-30", "reportedCurrency": "USD", "grossProfit": "15242000000", "totalRevenue": "15242000000", "costOfRevenue": "11672600000", "costofGoodsAndServicesSold": "11672600000", "operatingIncome": "1371400000", "sellingGeneralAndAdministrative": "1759100000", "researchAndDevelopment": "0", "operatingExpenses": "13870600000", "investmentIncomeNet": "None", "netInterestIncome": "None", "interestIncome": "None", "interestExpense": "119600000", "nonInterestIncome": "None", "otherNonOperatingIncome": "None", "depreciation": "None", "depreciationAndAmortization": "28400000", "incomeBeforeTax": "1371400000", "incomeTaxExpense": "503400000", "interestAndDebtExpense": "None", "netIncomeFromContinuingOperations": "0", "comprehensiveIncomeNetOfTax": "None", "ebit": "1491000000", "ebitda": "1519400000", "netIncome": "868000000"}, {"fiscalDateEnding": "2007-06-30", "reportedCurrency": "USD", "grossProfit": "15267900000", "totalRevenue": "15267900000", "costOfRevenue": "11682200000", "costofGoodsAndServicesSold": "11682200000", "operatingIncome": "1317300000", "sellingGeneralAndAdministrative": "1830700000", "researchAndDevelopment": "0", "operatingExpenses": "13950600000", "investmentIncomeNet": "None", "netInterestIncome": "None", "interestIncome": "None", "interestExpense": "100100000", "nonInterestIncome": "None", "otherNonOperatingIncome": "None", "depreciation": "None", "depreciationAndAmortization": "31300000", "incomeBeforeTax": "1317300000", "incomeTaxExpense": "482100000", "interestAndDebtExpense": "None", "netIncomeFromContinuingOperations": "0", "comprehensiveIncomeNetOfTax": "None", "ebit": "1417400000", "ebitda": "1448700000", "netIncome": "835200000"}, {"fiscalDateEnding": "2007-03-31", "reportedCurrency": "USD", "grossProfit": "15088000000", "totalRevenue": "15088000000", "costOfRevenue": "11701200000", "costofGoodsAndServicesSold": "11701200000", "operatingIncome": "1246400000", "sellingGeneralAndAdministrative": "1708600000", "researchAndDevelopment": "0", "operatingExpenses": "13841600000", "investmentIncomeNet": "None", "netInterestIncome": "None", "interestIncome": "None", "interestExpense": "102900000", "nonInterestIncome": "None", "otherNonOperatingIncome": "None", "depreciation": "None", "depreciationAndAmortization": "31700000", "incomeBeforeTax": "1246400000", "incomeTaxExpense": "463300000", "interestAndDebtExpense": "None", "netIncomeFromContinuingOperations": "0", "comprehensiveIncomeNetOfTax": "None", "ebit": "1349300000", "ebitda": "1381000000", "netIncome": "783100000"}, {"fiscalDateEnding": "2006-12-31", "reportedCurrency": "USD", "grossProfit": "14555500000", "totalRevenue": "14555500000", "costOfRevenue": "4454000000", "costofGoodsAndServicesSold": "4454000000", "operatingIncome": "1283800000", "sellingGeneralAndAdministrative": "1830100000", "researchAndDevelopment": "0", "operatingExpenses": "13271700000", "investmentIncomeNet": "None", "netInterestIncome": "None", "interestIncome": "None", "interestExpense": "100000000", "nonInterestIncome": "None", "otherNonOperatingIncome": "None", "depreciation": "None", "depreciationAndAmortization": "154700000", "incomeBeforeTax": "1283800000", "incomeTaxExpense": "482700000", "interestAndDebtExpense": "None", "netIncomeFromContinuingOperations": "0", "comprehensiveIncomeNetOfTax": "None", "ebit": "1383800000", "ebitda": "1538500000", "netIncome": "801100000"}, {"fiscalDateEnding": "2006-09-30", "reportedCurrency": "USD", "grossProfit": "14449400000", "totalRevenue": "14449400000", "costOfRevenue": "10972600000", "costofGoodsAndServicesSold": "10972600000", "operatingIncome": "1254600000", "sellingGeneralAndAdministrative": "1783000000", "researchAndDevelopment": "0", "operatingExpenses": "13194800000", "investmentIncomeNet": "None", "netInterestIncome": "None", "interestIncome": "None", "interestExpense": "105600000", "nonInterestIncome": "None", "otherNonOperatingIncome": "None", "depreciation": "None", "depreciationAndAmortization": "151600000", "incomeBeforeTax": "1254600000", "incomeTaxExpense": "443800000", "interestAndDebtExpense": "None", "netIncomeFromContinuingOperations": "0", "comprehensiveIncomeNetOfTax": "None", "ebit": "1360200000", "ebitda": "1511800000", "netIncome": "810800000"}, {"fiscalDateEnding": "2006-06-30", "reportedCurrency": "USD", "grossProfit": "14171100000", "totalRevenue": "14171100000", "costOfRevenue": "10756500000", "costofGoodsAndServicesSold": "10756500000", "operatingIncome": "1203300000", "sellingGeneralAndAdministrative": "1778900000", "researchAndDevelopment": "0", "operatingExpenses": "12967800000", "investmentIncomeNet": "None", "netInterestIncome": "None", "interestIncome": "None", "interestExpense": "103900000", "nonInterestIncome": "None", "otherNonOperatingIncome": "None", "depreciation": "None", "depreciationAndAmortization": "263700000", "incomeBeforeTax": "1203300000", "incomeTaxExpense": "452100000", "interestAndDebtExpense": "None", "netIncomeFromContinuingOperations": "0", "comprehensiveIncomeNetOfTax": "None", "ebit": "1307200000", "ebitda": "1570900000", "netIncome": "751200000"}, {"fiscalDateEnding": "2006-03-31", "reportedCurrency": "USD", "grossProfit": "13838500000", "totalRevenue": "13838500000", "costOfRevenue": "10474400000", "costofGoodsAndServicesSold": "10474400000", "operatingIncome": "1172700000", "sellingGeneralAndAdministrative": "1771200000", "researchAndDevelopment": "0", "operatingExpenses": "12665800000", "investmentIncomeNet": "None", "netInterestIncome": "None", "interestIncome": "None", "interestExpense": "94000000", "nonInterestIncome": "None", "otherNonOperatingIncome": "None", "depreciation": "None", "depreciationAndAmortization": "34900000", "incomeBeforeTax": "1172700000", "incomeTaxExpense": "440900000", "interestAndDebtExpense": "None", "netIncomeFromContinuingOperations": "0", "comprehensiveIncomeNetOfTax": "None", "ebit": "1266700000", "ebitda": "1301600000", "netIncome": "731800000"}, {"fiscalDateEnding": "2005-12-31", "reportedCurrency": "USD", "grossProfit": "11432300000", "totalRevenue": "11432300000", "costOfRevenue": "3118200000", "costofGoodsAndServicesSold": "3118200000", "operatingIncome": "1041400000", "sellingGeneralAndAdministrative": "1486400000", "researchAndDevelopment": "0", "operatingExpenses": "10390900000", "investmentIncomeNet": "None", "netInterestIncome": "None", "interestIncome": "None", "interestExpense": "58000000", "nonInterestIncome": "None", "otherNonOperatingIncome": "None", "depreciation": "None", "depreciationAndAmortization": "156500000", "incomeBeforeTax": "1041400000", "incomeTaxExpense": "389400000", "interestAndDebtExpense": "None", "netIncomeFromContinuingOperations": "0", "comprehensiveIncomeNetOfTax": "None", "ebit": "1099400000", "ebitda": "1255900000", "netIncome": "652000000"}]}