{"symbol": "ABVC", "annualReports": [{"fiscalDateEnding": "2024-12-31", "reportedCurrency": "USD", "grossProfit": "508826", "totalRevenue": "509589", "costOfRevenue": "763", "costofGoodsAndServicesSold": "763", "operatingIncome": "-4705242", "sellingGeneralAndAdministrative": "5034796", "researchAndDevelopment": "179272", "operatingExpenses": "5214068", "investmentIncomeNet": "None", "netInterestIncome": "-738541", "interestIncome": "87358", "interestExpense": "825899", "nonInterestIncome": "None", "otherNonOperatingIncome": "None", "depreciation": "None", "depreciationAndAmortization": "200921", "incomeBeforeTax": "-5369576", "incomeTaxExpense": "-110539", "interestAndDebtExpense": "None", "netIncomeFromContinuingOperations": "-5259037", "comprehensiveIncomeNetOfTax": "None", "ebit": "-4543677", "ebitda": "-4342756", "netIncome": "-4902878"}, {"fiscalDateEnding": "2023-12-31", "reportedCurrency": "USD", "grossProfit": "-149607", "totalRevenue": "152430", "costOfRevenue": "302037", "costofGoodsAndServicesSold": "302037", "operatingIncome": "-6766734", "sellingGeneralAndAdministrative": "5554211", "researchAndDevelopment": "1062916", "operatingExpenses": "6617127", "investmentIncomeNet": "None", "netInterestIncome": "-2307859", "interestIncome": "185481", "interestExpense": "1313671", "nonInterestIncome": "None", "otherNonOperatingIncome": "None", "depreciation": "None", "depreciationAndAmortization": "380390", "incomeBeforeTax": "-8024838", "incomeTaxExpense": "256006", "interestAndDebtExpense": "None", "netIncomeFromContinuingOperations": "-10910288", "comprehensiveIncomeNetOfTax": "None", "ebit": "-6711167", "ebitda": "-6330777", "netIncome": "-7788050"}, {"fiscalDateEnding": "2022-12-31", "reportedCurrency": "USD", "grossProfit": "683368", "totalRevenue": "969783", "costOfRevenue": "286415", "costofGoodsAndServicesSold": "286415", "operatingIncome": "-15114412", "sellingGeneralAndAdministrative": "13104323", "researchAndDevelopment": "2693457", "operatingExpenses": "15797780", "investmentIncomeNet": "None", "netInterestIncome": "-106151", "interestIncome": "187817", "interestExpense": "293968", "nonInterestIncome": "None", "otherNonOperatingIncome": "None", "depreciation": "None", "depreciationAndAmortization": "23799", "incomeBeforeTax": "-15514596", "incomeTaxExpense": "797778", "interestAndDebtExpense": "None", "netIncomeFromContinuingOperations": "-16312374", "comprehensiveIncomeNetOfTax": "None", "ebit": "-15220628", "ebitda": "-15196829", "netIncome": "-16423239"}, {"fiscalDateEnding": "2021-12-31", "reportedCurrency": "USD", "grossProfit": "350711", "totalRevenue": "355797", "costOfRevenue": "5086", "costofGoodsAndServicesSold": "5086", "operatingIncome": "-11705968", "sellingGeneralAndAdministrative": "11052874", "researchAndDevelopment": "1003805", "operatingExpenses": "12056679", "investmentIncomeNet": "None", "netInterestIncome": "-184014", "interestIncome": "43196", "interestExpense": "227210", "nonInterestIncome": "None", "otherNonOperatingIncome": "None", "depreciation": "None", "depreciationAndAmortization": "11993", "incomeBeforeTax": "-11210827", "incomeTaxExpense": "825024", "interestAndDebtExpense": "None", "netIncomeFromContinuingOperations": "-12035851", "comprehensiveIncomeNetOfTax": "None", "ebit": "-10983617", "ebitda": "-10971624", "netIncome": "-12838813"}, {"fiscalDateEnding": "2020-12-31", "reportedCurrency": "USD", "grossProfit": "464329", "totalRevenue": "483045", "costOfRevenue": "18716", "costofGoodsAndServicesSold": "18716", "operatingIncome": "-8505776", "sellingGeneralAndAdministrative": "8420447", "researchAndDevelopment": "549658", "operatingExpenses": "8970105", "investmentIncomeNet": "None", "netInterestIncome": "-333987", "interestIncome": "71045", "interestExpense": "405032", "nonInterestIncome": "None", "otherNonOperatingIncome": "None", "depreciation": "None", "depreciationAndAmortization": "37142", "incomeBeforeTax": "-10813936", "incomeTaxExpense": "-220352", "interestAndDebtExpense": "None", "netIncomeFromContinuingOperations": "-10593584", "comprehensiveIncomeNetOfTax": "None", "ebit": "-10408904", "ebitda": "-10371762", "netIncome": "-9791164"}, {"fiscalDateEnding": "2019-12-31", "reportedCurrency": "USD", "grossProfit": "681582", "totalRevenue": "701719", "costOfRevenue": "20137", "costofGoodsAndServicesSold": "20137", "operatingIncome": "-3458778", "sellingGeneralAndAdministrative": "3091807", "researchAndDevelopment": "1048553", "operatingExpenses": "4140360", "investmentIncomeNet": "None", "netInterestIncome": "-458670", "interestIncome": "23344", "interestExpense": "482014", "nonInterestIncome": "None", "otherNonOperatingIncome": "None", "depreciation": "None", "depreciationAndAmortization": "55086", "incomeBeforeTax": "-4010281", "incomeTaxExpense": "-77041", "interestAndDebtExpense": "None", "netIncomeFromContinuingOperations": "-3933240", "comprehensiveIncomeNetOfTax": "None", "ebit": "-3528267", "ebitda": "-3473181", "netIncome": "-3641776"}, {"fiscalDateEnding": "2018-12-31", "reportedCurrency": "USD", "grossProfit": "-221934", "totalRevenue": "6956", "costOfRevenue": "228890", "costofGoodsAndServicesSold": "228890", "operatingIncome": "-2784563", "sellingGeneralAndAdministrative": "723948", "researchAndDevelopment": "988721", "operatingExpenses": "2562629", "investmentIncomeNet": "None", "netInterestIncome": "-155837", "interestIncome": "93", "interestExpense": "462751", "nonInterestIncome": "None", "otherNonOperatingIncome": "None", "depreciation": "None", "depreciationAndAmortization": "43610", "incomeBeforeTax": "-6429627", "incomeTaxExpense": "-365097", "interestAndDebtExpense": "None", "netIncomeFromContinuingOperations": "-4101303", "comprehensiveIncomeNetOfTax": "None", "ebit": "-5966881", "ebitda": "-5923271", "netIncome": "-5575379"}, {"fiscalDateEnding": "2017-12-31", "reportedCurrency": "USD", "grossProfit": "947", "totalRevenue": "3196", "costOfRevenue": "2249", "costofGoodsAndServicesSold": "2249", "operatingIncome": "-4138750", "sellingGeneralAndAdministrative": "1736000", "researchAndDevelopment": "3171665", "operatingExpenses": "4138750", "investmentIncomeNet": "None", "netInterestIncome": "-103280", "interestIncome": "180", "interestExpense": "103460", "nonInterestIncome": "None", "otherNonOperatingIncome": "None", "depreciation": "None", "depreciationAndAmortization": "43996", "incomeBeforeTax": "-4242030", "incomeTaxExpense": "830", "interestAndDebtExpense": "None", "netIncomeFromContinuingOperations": "-4242860", "comprehensiveIncomeNetOfTax": "None", "ebit": "-4039996", "ebitda": "-4138570", "netIncome": "-4242860"}, {"fiscalDateEnding": "2016-12-31", "reportedCurrency": "USD", "grossProfit": "-32", "totalRevenue": "32", "costOfRevenue": "32", "costofGoodsAndServicesSold": "32", "operatingIncome": "-10997235", "sellingGeneralAndAdministrative": "4497263", "researchAndDevelopment": "10000000", "operatingExpenses": "10997203", "investmentIncomeNet": "None", "netInterestIncome": "-9809", "interestIncome": "361", "interestExpense": "10170", "nonInterestIncome": "None", "otherNonOperatingIncome": "None", "depreciation": "None", "depreciationAndAmortization": "10997295", "incomeBeforeTax": "-11006903", "incomeTaxExpense": "836", "interestAndDebtExpense": "None", "netIncomeFromContinuingOperations": "-4507799", "comprehensiveIncomeNetOfTax": "None", "ebit": "-10996734", "ebitda": "-10996734", "netIncome": "-11007739"}, {"fiscalDateEnding": "2015-12-31", "reportedCurrency": "USD", "grossProfit": "2839", "totalRevenue": "3360", "costOfRevenue": "521", "costofGoodsAndServicesSold": "521", "operatingIncome": "-32281", "sellingGeneralAndAdministrative": "1893612", "researchAndDevelopment": "10000000", "operatingExpenses": "35120", "investmentIncomeNet": "None", "netInterestIncome": "None", "interestIncome": "None", "interestExpense": "0", "nonInterestIncome": "None", "otherNonOperatingIncome": "None", "depreciation": "None", "depreciationAndAmortization": "1893612", "incomeBeforeTax": "-32281", "incomeTaxExpense": "-1893614", "interestAndDebtExpense": "None", "netIncomeFromContinuingOperations": "-1893612", "comprehensiveIncomeNetOfTax": "None", "ebit": "-32281", "ebitda": "-32281", "netIncome": "-32281"}, {"fiscalDateEnding": "2014-12-31", "reportedCurrency": "USD", "grossProfit": "7787", "totalRevenue": "7787", "costOfRevenue": "None", "costofGoodsAndServicesSold": "None", "operatingIncome": "-24100", "sellingGeneralAndAdministrative": "None", "researchAndDevelopment": "None", "operatingExpenses": "24100", "investmentIncomeNet": "None", "netInterestIncome": "None", "interestIncome": "None", "interestExpense": "49093", "nonInterestIncome": "None", "otherNonOperatingIncome": "None", "depreciation": "None", "depreciationAndAmortization": "23859", "incomeBeforeTax": "-24100", "incomeTaxExpense": "67637", "interestAndDebtExpense": "None", "netIncomeFromContinuingOperations": "None", "comprehensiveIncomeNetOfTax": "None", "ebit": "-177259", "ebitda": "-24100", "netIncome": "-24100"}, {"fiscalDateEnding": "2011-12-31", "reportedCurrency": "USD", "grossProfit": "-30989", "totalRevenue": "3190", "costOfRevenue": "34179", "costofGoodsAndServicesSold": "34179", "operatingIncome": "-1887863", "sellingGeneralAndAdministrative": "1891000", "researchAndDevelopment": "None", "operatingExpenses": "1856874", "investmentIncomeNet": "None", "netInterestIncome": "None", "interestIncome": "None", "interestExpense": "204917", "nonInterestIncome": "None", "otherNonOperatingIncome": "None", "depreciation": "None", "depreciationAndAmortization": "34179", "incomeBeforeTax": "-1218651", "incomeTaxExpense": "-1748000", "interestAndDebtExpense": "None", "netIncomeFromContinuingOperations": "None", "comprehensiveIncomeNetOfTax": "None", "ebit": "-1013732", "ebitda": "-979553", "netIncome": "-1218651"}, {"fiscalDateEnding": "2010-12-31", "reportedCurrency": "USD", "grossProfit": "-30388", "totalRevenue": "14860", "costOfRevenue": "45248", "costofGoodsAndServicesSold": "45248", "operatingIncome": "-1889473", "sellingGeneralAndAdministrative": "1904000", "researchAndDevelopment": "None", "operatingExpenses": "1859085", "investmentIncomeNet": "None", "netInterestIncome": "None", "interestIncome": "None", "interestExpense": "218570", "nonInterestIncome": "None", "otherNonOperatingIncome": "None", "depreciation": "None", "depreciationAndAmortization": "45248", "incomeBeforeTax": "-1901060", "incomeTaxExpense": "218570", "interestAndDebtExpense": "None", "netIncomeFromContinuingOperations": "None", "comprehensiveIncomeNetOfTax": "None", "ebit": "-1682493", "ebitda": "-1637245", "netIncome": "-1901060"}, {"fiscalDateEnding": "2009-12-31", "reportedCurrency": "USD", "grossProfit": "-1526186", "totalRevenue": "-272000", "costOfRevenue": "1526186", "costofGoodsAndServicesSold": "1526186", "operatingIncome": "-4910474", "sellingGeneralAndAdministrative": "4910000", "researchAndDevelopment": "None", "operatingExpenses": "3384288", "investmentIncomeNet": "None", "netInterestIncome": "None", "interestIncome": "None", "interestExpense": "271860", "nonInterestIncome": "None", "otherNonOperatingIncome": "None", "depreciation": "None", "depreciationAndAmortization": "45075", "incomeBeforeTax": "-5182192", "incomeTaxExpense": "-142", "interestAndDebtExpense": "None", "netIncomeFromContinuingOperations": "None", "comprehensiveIncomeNetOfTax": "None", "ebit": "-4910332", "ebitda": "-4865257", "netIncome": "-5182192"}, {"fiscalDateEnding": "2008-12-31", "reportedCurrency": "USD", "grossProfit": "-12394", "totalRevenue": "25092", "costOfRevenue": "37486", "costofGoodsAndServicesSold": "37486", "operatingIncome": "-5354712", "sellingGeneralAndAdministrative": "3373028", "researchAndDevelopment": "None", "operatingExpenses": "5342318", "investmentIncomeNet": "None", "netInterestIncome": "None", "interestIncome": "None", "interestExpense": "1421394", "nonInterestIncome": "None", "otherNonOperatingIncome": "None", "depreciation": "None", "depreciationAndAmortization": "37486", "incomeBeforeTax": "-6770322", "incomeTaxExpense": "-5784", "interestAndDebtExpense": "None", "netIncomeFromContinuingOperations": "None", "comprehensiveIncomeNetOfTax": "None", "ebit": "-5348928", "ebitda": "-5311442", "netIncome": "-6770322"}, {"fiscalDateEnding": "2007-12-31", "reportedCurrency": "USD", "grossProfit": "28911", "totalRevenue": "41668", "costOfRevenue": "12757", "costofGoodsAndServicesSold": "12757", "operatingIncome": "-4415298", "sellingGeneralAndAdministrative": "None", "researchAndDevelopment": "None", "operatingExpenses": "4444209", "investmentIncomeNet": "None", "netInterestIncome": "None", "interestIncome": "None", "interestExpense": "256512", "nonInterestIncome": "None", "otherNonOperatingIncome": "None", "depreciation": "None", "depreciationAndAmortization": "12757", "incomeBeforeTax": "-4650870", "incomeTaxExpense": "-20940", "interestAndDebtExpense": "None", "netIncomeFromContinuingOperations": "None", "comprehensiveIncomeNetOfTax": "None", "ebit": "-4394358", "ebitda": "-4381601", "netIncome": "-4650870"}, {"fiscalDateEnding": "2006-12-31", "reportedCurrency": "USD", "grossProfit": "41838", "totalRevenue": "41838", "costOfRevenue": "None", "costofGoodsAndServicesSold": "None", "operatingIncome": "-26825", "sellingGeneralAndAdministrative": "None", "researchAndDevelopment": "None", "operatingExpenses": "26825", "investmentIncomeNet": "None", "netInterestIncome": "None", "interestIncome": "None", "interestExpense": "1426", "nonInterestIncome": "None", "otherNonOperatingIncome": "None", "depreciation": "None", "depreciationAndAmortization": "None", "incomeBeforeTax": "-25399", "incomeTaxExpense": "-1426", "interestAndDebtExpense": "None", "netIncomeFromContinuingOperations": "None", "comprehensiveIncomeNetOfTax": "None", "ebit": "-26825", "ebitda": "-26825", "netIncome": "-25399"}, {"fiscalDateEnding": "2005-12-31", "reportedCurrency": "USD", "grossProfit": "16676", "totalRevenue": "17084", "costOfRevenue": "408", "costofGoodsAndServicesSold": "408", "operatingIncome": "-17573", "sellingGeneralAndAdministrative": "None", "researchAndDevelopment": "None", "operatingExpenses": "17573", "investmentIncomeNet": "None", "netInterestIncome": "None", "interestIncome": "None", "interestExpense": "1213", "nonInterestIncome": "None", "otherNonOperatingIncome": "None", "depreciation": "None", "depreciationAndAmortization": "408", "incomeBeforeTax": "-16360", "incomeTaxExpense": "9097", "interestAndDebtExpense": "None", "netIncomeFromContinuingOperations": "None", "comprehensiveIncomeNetOfTax": "None", "ebit": "-17573", "ebitda": "-17573", "netIncome": "-26670"}, {"fiscalDateEnding": "2004-12-31", "reportedCurrency": "USD", "grossProfit": "25104", "totalRevenue": "57494", "costOfRevenue": "32390", "costofGoodsAndServicesSold": "32390", "operatingIncome": "2007", "sellingGeneralAndAdministrative": "None", "researchAndDevelopment": "None", "operatingExpenses": "23097", "investmentIncomeNet": "None", "netInterestIncome": "None", "interestIncome": "None", "interestExpense": "36", "nonInterestIncome": "None", "otherNonOperatingIncome": "None", "depreciation": "None", "depreciationAndAmortization": "36", "incomeBeforeTax": "2539", "incomeTaxExpense": "-532", "interestAndDebtExpense": "None", "netIncomeFromContinuingOperations": "None", "comprehensiveIncomeNetOfTax": "None", "ebit": "-14633", "ebitda": "2575", "netIncome": "2539"}, {"fiscalDateEnding": "2003-12-31", "reportedCurrency": "USD", "grossProfit": "-12087", "totalRevenue": "13670", "costOfRevenue": "25757", "costofGoodsAndServicesSold": "25757", "operatingIncome": "-23804", "sellingGeneralAndAdministrative": "None", "researchAndDevelopment": "None", "operatingExpenses": "11717", "investmentIncomeNet": "None", "netInterestIncome": "None", "interestIncome": "None", "interestExpense": "1559", "nonInterestIncome": "None", "otherNonOperatingIncome": "None", "depreciation": "None", "depreciationAndAmortization": "None", "incomeBeforeTax": "-25363", "incomeTaxExpense": "None", "interestAndDebtExpense": "None", "netIncomeFromContinuingOperations": "None", "comprehensiveIncomeNetOfTax": "None", "ebit": "-23804", "ebitda": "-23804", "netIncome": "-25363"}], "quarterlyReports": [{"fiscalDateEnding": "2025-09-30", "reportedCurrency": "USD", "grossProfit": "795950", "totalRevenue": "795950", "costOfRevenue": "0", "costofGoodsAndServicesSold": "0", "operatingIncome": "-1168410", "sellingGeneralAndAdministrative": "1934470", "researchAndDevelopment": "29890", "operatingExpenses": "1964360", "investmentIncomeNet": "None", "netInterestIncome": "16328", "interestIncome": "47287", "interestExpense": "30959", "nonInterestIncome": "None", "otherNonOperatingIncome": "None", "depreciation": "None", "depreciationAndAmortization": "5821", "incomeBeforeTax": "-1286996", "incomeTaxExpense": "527", "interestAndDebtExpense": "None", "netIncomeFromContinuingOperations": "-1287523", "comprehensiveIncomeNetOfTax": "None", "ebit": "-1286996", "ebitda": "-1281175", "netIncome": "-1246513"}, {"fiscalDateEnding": "2025-06-30", "reportedCurrency": "USD", "grossProfit": "-80832", "totalRevenue": "0", "costOfRevenue": "80832", "costofGoodsAndServicesSold": "80832", "operatingIncome": "-2294983", "sellingGeneralAndAdministrative": "2261707", "researchAndDevelopment": "33276", "operatingExpenses": "2294983", "investmentIncomeNet": "None", "netInterestIncome": "-110274", "interestIncome": "19139", "interestExpense": "129413", "nonInterestIncome": "None", "otherNonOperatingIncome": "None", "depreciation": "None", "depreciationAndAmortization": "80832", "incomeBeforeTax": "-2309206", "incomeTaxExpense": "23627", "interestAndDebtExpense": "None", "netIncomeFromContinuingOperations": "-2332833", "comprehensiveIncomeNetOfTax": "None", "ebit": "-2179793", "ebitda": "-2098961", "netIncome": "-2257022"}, {"fiscalDateEnding": "2025-03-31", "reportedCurrency": "USD", "grossProfit": "1966", "totalRevenue": "1966", "costOfRevenue": "113948", "costofGoodsAndServicesSold": "113948", "operatingIncome": "-693005", "sellingGeneralAndAdministrative": "664144", "researchAndDevelopment": "28861", "operatingExpenses": "693005", "investmentIncomeNet": "None", "netInterestIncome": "-203896", "interestIncome": "19071", "interestExpense": "222967", "nonInterestIncome": "None", "otherNonOperatingIncome": "None", "depreciation": "None", "depreciationAndAmortization": "113948", "incomeBeforeTax": "-944190", "incomeTaxExpense": "None", "interestAndDebtExpense": "None", "netIncomeFromContinuingOperations": "-944190", "comprehensiveIncomeNetOfTax": "None", "ebit": "-721223", "ebitda": "-607275", "netIncome": "-842075"}, {"fiscalDateEnding": "2024-12-31", "reportedCurrency": "USD", "grossProfit": "1966", "totalRevenue": "1966", "costOfRevenue": "0", "costofGoodsAndServicesSold": "0", "operatingIncome": "-334158", "sellingGeneralAndAdministrative": "304144", "researchAndDevelopment": "31980", "operatingExpenses": "336124", "investmentIncomeNet": "None", "netInterestIncome": "350256", "interestIncome": "11907", "interestExpense": "338349", "nonInterestIncome": "None", "otherNonOperatingIncome": "None", "depreciation": "None", "depreciationAndAmortization": "None", "incomeBeforeTax": "128943", "incomeTaxExpense": "None", "interestAndDebtExpense": "None", "netIncomeFromContinuingOperations": "128943", "comprehensiveIncomeNetOfTax": "None", "ebit": "None", "ebitda": "None", "netIncome": "229304"}, {"fiscalDateEnding": "2024-09-30", "reportedCurrency": "USD", "grossProfit": "388980", "totalRevenue": "389276", "costOfRevenue": "296", "costofGoodsAndServicesSold": "296", "operatingIncome": "49947", "sellingGeneralAndAdministrative": "301208", "researchAndDevelopment": "37825", "operatingExpenses": "339033", "investmentIncomeNet": "None", "netInterestIncome": "-175272", "interestIncome": "44261", "interestExpense": "219533", "nonInterestIncome": "None", "otherNonOperatingIncome": "None", "depreciation": "None", "depreciationAndAmortization": "-195268", "incomeBeforeTax": "-133917", "incomeTaxExpense": "355", "interestAndDebtExpense": "None", "netIncomeFromContinuingOperations": "-134272", "comprehensiveIncomeNetOfTax": "None", "ebit": "280884", "ebitda": "85616", "netIncome": "-186561"}, {"fiscalDateEnding": "2024-06-30", "reportedCurrency": "USD", "grossProfit": "116952", "totalRevenue": "117142", "costOfRevenue": "190", "costofGoodsAndServicesSold": "190", "operatingIncome": "-860107", "sellingGeneralAndAdministrative": "944180", "researchAndDevelopment": "40401", "operatingExpenses": "977059", "investmentIncomeNet": "None", "netInterestIncome": "-232891", "interestIncome": "27141", "interestExpense": "207079", "nonInterestIncome": "None", "otherNonOperatingIncome": "None", "depreciation": "None", "depreciationAndAmortization": "114327", "incomeBeforeTax": "-1158306", "incomeTaxExpense": "-110894", "interestAndDebtExpense": "None", "netIncomeFromContinuingOperations": "-1272689", "comprehensiveIncomeNetOfTax": "None", "ebit": "-951227", "ebitda": "-836900", "netIncome": "-942336"}, {"fiscalDateEnding": "2024-03-31", "reportedCurrency": "USD", "grossProfit": "928", "totalRevenue": "1205", "costOfRevenue": "277", "costofGoodsAndServicesSold": "277", "operatingIncome": "-2838255", "sellingGeneralAndAdministrative": "2770117", "researchAndDevelopment": "69066", "operatingExpenses": "2839183", "investmentIncomeNet": "None", "netInterestIncome": "-680634", "interestIncome": "4049", "interestExpense": "181676", "nonInterestIncome": "None", "otherNonOperatingIncome": "None", "depreciation": "None", "depreciationAndAmortization": "102546", "incomeBeforeTax": "-2927667", "incomeTaxExpense": "-3932976", "interestAndDebtExpense": "None", "netIncomeFromContinuingOperations": "-3981019", "comprehensiveIncomeNetOfTax": "None", "ebit": "-2745991", "ebitda": "-2643445", "netIncome": "-2834199"}, {"fiscalDateEnding": "2023-12-31", "reportedCurrency": "USD", "grossProfit": "-137041", "totalRevenue": "2165", "costOfRevenue": "139206", "costofGoodsAndServicesSold": "139206", "operatingIncome": "-1961610", "sellingGeneralAndAdministrative": "1752384", "researchAndDevelopment": "72185", "operatingExpenses": "1824569", "investmentIncomeNet": "None", "netInterestIncome": "-1065818", "interestIncome": "37483", "interestExpense": "1103301", "nonInterestIncome": "None", "otherNonOperatingIncome": "None", "depreciation": "None", "depreciationAndAmortization": "7582", "incomeBeforeTax": "-3154443", "incomeTaxExpense": "175310", "interestAndDebtExpense": "None", "netIncomeFromContinuingOperations": "-3329753", "comprehensiveIncomeNetOfTax": "None", "ebit": "-2051142", "ebitda": "-2043560", "netIncome": "-3110934"}, {"fiscalDateEnding": "2023-09-30", "reportedCurrency": "USD", "grossProfit": "-13730", "totalRevenue": "15884", "costOfRevenue": "29614", "costofGoodsAndServicesSold": "29614", "operatingIncome": "-2154873", "sellingGeneralAndAdministrative": "1999833", "researchAndDevelopment": "141310", "operatingExpenses": "2141143", "investmentIncomeNet": "None", "netInterestIncome": "-1178378", "interestIncome": "40246", "interestExpense": "1218624", "nonInterestIncome": "None", "otherNonOperatingIncome": "None", "depreciation": "None", "depreciationAndAmortization": "7459", "incomeBeforeTax": "-3369079", "incomeTaxExpense": "-999", "interestAndDebtExpense": "None", "netIncomeFromContinuingOperations": "-3368080", "comprehensiveIncomeNetOfTax": "None", "ebit": "-2150455", "ebitda": "-2142996", "netIncome": "-3317516"}, {"fiscalDateEnding": "2023-06-30", "reportedCurrency": "USD", "grossProfit": "-66872", "totalRevenue": "6109", "costOfRevenue": "72981", "costofGoodsAndServicesSold": "72981", "operatingIncome": "-2193842", "sellingGeneralAndAdministrative": "1612528", "researchAndDevelopment": "514442", "operatingExpenses": "2126970", "investmentIncomeNet": "None", "netInterestIncome": "-59711", "interestIncome": "55041", "interestExpense": "114752", "nonInterestIncome": "None", "otherNonOperatingIncome": "None", "depreciation": "None", "depreciationAndAmortization": "6997", "incomeBeforeTax": "-2233530", "incomeTaxExpense": "81695", "interestAndDebtExpense": "None", "netIncomeFromContinuingOperations": "-2315225", "comprehensiveIncomeNetOfTax": "None", "ebit": "-2118778", "ebitda": "-2111781", "netIncome": "-2263511"}, {"fiscalDateEnding": "2023-03-31", "reportedCurrency": "USD", "grossProfit": "68036", "totalRevenue": "128272", "costOfRevenue": "60236", "costofGoodsAndServicesSold": "60236", "operatingIncome": "-1906184", "sellingGeneralAndAdministrative": "1639241", "researchAndDevelopment": "334979", "operatingExpenses": "1974220", "investmentIncomeNet": "None", "netInterestIncome": "-3952", "interestIncome": "52711", "interestExpense": "56663", "nonInterestIncome": "None", "otherNonOperatingIncome": "None", "depreciation": "None", "depreciationAndAmortization": "6493", "incomeBeforeTax": "-1897230", "incomeTaxExpense": "-1823695", "interestAndDebtExpense": "None", "netIncomeFromContinuingOperations": "-1897230", "comprehensiveIncomeNetOfTax": "None", "ebit": "-1840567", "ebitda": "-1834074", "netIncome": "-1823695"}, {"fiscalDateEnding": "2022-12-31", "reportedCurrency": "USD", "grossProfit": "323583", "totalRevenue": "588994", "costOfRevenue": "265411", "costofGoodsAndServicesSold": "265411", "operatingIncome": "-3132990", "sellingGeneralAndAdministrative": "1960785", "researchAndDevelopment": "1495788", "operatingExpenses": "3456573", "investmentIncomeNet": "None", "netInterestIncome": "-73998", "interestIncome": "60463", "interestExpense": "134461", "nonInterestIncome": "None", "otherNonOperatingIncome": "None", "depreciation": "None", "depreciationAndAmortization": "6435", "incomeBeforeTax": "-3538028", "incomeTaxExpense": "962874", "interestAndDebtExpense": "None", "netIncomeFromContinuingOperations": "-4500902", "comprehensiveIncomeNetOfTax": "None", "ebit": "-3403567", "ebitda": "-3397132", "netIncome": "-4863938"}, {"fiscalDateEnding": "2022-09-30", "reportedCurrency": "USD", "grossProfit": "31528", "totalRevenue": "42269", "costOfRevenue": "10741", "costofGoodsAndServicesSold": "10741", "operatingIncome": "-3715841", "sellingGeneralAndAdministrative": "3441886", "researchAndDevelopment": "305483", "operatingExpenses": "3747369", "investmentIncomeNet": "None", "netInterestIncome": "-78372", "interestIncome": "48164", "interestExpense": "126536", "nonInterestIncome": "None", "otherNonOperatingIncome": "None", "depreciation": "None", "depreciationAndAmortization": "6462", "incomeBeforeTax": "-3772302", "incomeTaxExpense": "4222", "interestAndDebtExpense": "None", "netIncomeFromContinuingOperations": "-3776524", "comprehensiveIncomeNetOfTax": "None", "ebit": "-3645766", "ebitda": "-3639304", "netIncome": "-3704864"}, {"fiscalDateEnding": "2022-06-30", "reportedCurrency": "USD", "grossProfit": "304493", "totalRevenue": "312860", "costOfRevenue": "8367", "costofGoodsAndServicesSold": "8367", "operatingIncome": "-2046860", "sellingGeneralAndAdministrative": "1818571", "researchAndDevelopment": "532782", "operatingExpenses": "2351353", "investmentIncomeNet": "None", "netInterestIncome": "24257", "interestIncome": "39015", "interestExpense": "14758", "nonInterestIncome": "None", "otherNonOperatingIncome": "None", "depreciation": "None", "depreciationAndAmortization": "5491", "incomeBeforeTax": "-2029784", "incomeTaxExpense": "-82451", "interestAndDebtExpense": "None", "netIncomeFromContinuingOperations": "-1947333", "comprehensiveIncomeNetOfTax": "None", "ebit": "-2015026", "ebitda": "-2009535", "netIncome": "-1858997"}, {"fiscalDateEnding": "2022-03-31", "reportedCurrency": "USD", "grossProfit": "23764", "totalRevenue": "25660", "costOfRevenue": "1896", "costofGoodsAndServicesSold": "1896", "operatingIncome": "-6218721", "sellingGeneralAndAdministrative": "5883081", "researchAndDevelopment": "359404", "operatingExpenses": "6242485", "investmentIncomeNet": "None", "netInterestIncome": "21962", "interestIncome": "40175", "interestExpense": "18213", "nonInterestIncome": "None", "otherNonOperatingIncome": "None", "depreciation": "None", "depreciationAndAmortization": "5411", "incomeBeforeTax": "-6174482", "incomeTaxExpense": "-86867", "interestAndDebtExpense": "None", "netIncomeFromContinuingOperations": "-6087615", "comprehensiveIncomeNetOfTax": "None", "ebit": "-6156269", "ebitda": "-6150858", "netIncome": "-5995440"}, {"fiscalDateEnding": "2021-12-31", "reportedCurrency": "USD", "grossProfit": "-40595", "totalRevenue": "-37793", "costOfRevenue": "2802", "costofGoodsAndServicesSold": "2802", "operatingIncome": "-6447154", "sellingGeneralAndAdministrative": "6146371", "researchAndDevelopment": "260188", "operatingExpenses": "6406559", "investmentIncomeNet": "None", "netInterestIncome": "-5021", "interestIncome": "29388", "interestExpense": "5021", "nonInterestIncome": "None", "otherNonOperatingIncome": "None", "depreciation": "None", "depreciationAndAmortization": "3268", "incomeBeforeTax": "-5890049", "incomeTaxExpense": "1011279", "interestAndDebtExpense": "None", "netIncomeFromContinuingOperations": "-6901328", "comprehensiveIncomeNetOfTax": "None", "ebit": "-5914416", "ebitda": "-5911148", "netIncome": "-7932254"}, {"fiscalDateEnding": "2021-09-30", "reportedCurrency": "USD", "grossProfit": "98606", "totalRevenue": "98999", "costOfRevenue": "393", "costofGoodsAndServicesSold": "393", "operatingIncome": "-1970554", "sellingGeneralAndAdministrative": "1805736", "researchAndDevelopment": "263424", "operatingExpenses": "2069160", "investmentIncomeNet": "None", "netInterestIncome": "-29344", "interestIncome": "9333", "interestExpense": "38677", "nonInterestIncome": "None", "otherNonOperatingIncome": "None", "depreciation": "None", "depreciationAndAmortization": "2856", "incomeBeforeTax": "-1961911", "incomeTaxExpense": "-75667", "interestAndDebtExpense": "None", "netIncomeFromContinuingOperations": "-1886244", "comprehensiveIncomeNetOfTax": "None", "ebit": "-1923234", "ebitda": "-1920378", "netIncome": "-1806488"}, {"fiscalDateEnding": "2021-06-30", "reportedCurrency": "USD", "grossProfit": "30795", "totalRevenue": "31441", "costOfRevenue": "646", "costofGoodsAndServicesSold": "646", "operatingIncome": "-2035515", "sellingGeneralAndAdministrative": "1707432", "researchAndDevelopment": "358878", "operatingExpenses": "2066310", "investmentIncomeNet": "None", "netInterestIncome": "-71949", "interestIncome": "10722", "interestExpense": "82671", "nonInterestIncome": "None", "otherNonOperatingIncome": "None", "depreciation": "None", "depreciationAndAmortization": "2941", "incomeBeforeTax": "-2112520", "incomeTaxExpense": "-59564", "interestAndDebtExpense": "None", "netIncomeFromContinuingOperations": "-2052956", "comprehensiveIncomeNetOfTax": "None", "ebit": "-2029849", "ebitda": "-2026908", "netIncome": "-1971566"}, {"fiscalDateEnding": "2021-03-31", "reportedCurrency": "USD", "grossProfit": "261905", "totalRevenue": "263150", "costOfRevenue": "1245", "costofGoodsAndServicesSold": "1245", "operatingIncome": "-1252745", "sellingGeneralAndAdministrative": "1393335", "researchAndDevelopment": "121315", "operatingExpenses": "1514650", "investmentIncomeNet": "None", "netInterestIncome": "-77700", "interestIncome": "52529", "interestExpense": "130229", "nonInterestIncome": "None", "otherNonOperatingIncome": "None", "depreciation": "None", "depreciationAndAmortization": "2928", "incomeBeforeTax": "-1246347", "incomeTaxExpense": "-51024", "interestAndDebtExpense": "None", "netIncomeFromContinuingOperations": "-1195323", "comprehensiveIncomeNetOfTax": "None", "ebit": "-1116118", "ebitda": "-1113190", "netIncome": "-1128505"}, {"fiscalDateEnding": "2020-12-31", "reportedCurrency": "USD", "grossProfit": "60291", "totalRevenue": "62193", "costOfRevenue": "1902", "costofGoodsAndServicesSold": "1902", "operatingIncome": "-4850619", "sellingGeneralAndAdministrative": "2431000", "researchAndDevelopment": "183284", "operatingExpenses": "4910910", "investmentIncomeNet": "None", "netInterestIncome": "-85275", "interestIncome": "31404", "interestExpense": "116679", "nonInterestIncome": "None", "otherNonOperatingIncome": "None", "depreciation": "None", "depreciationAndAmortization": "6813", "incomeBeforeTax": "-5055539", "incomeTaxExpense": "-86405", "interestAndDebtExpense": "None", "netIncomeFromContinuingOperations": "-4969134", "comprehensiveIncomeNetOfTax": "None", "ebit": "-4938860", "ebitda": "-4932047", "netIncome": "-4848283"}, {"fiscalDateEnding": "2020-09-30", "reportedCurrency": "USD", "grossProfit": "106934", "totalRevenue": "115553", "costOfRevenue": "8619", "costofGoodsAndServicesSold": "8619", "operatingIncome": "-1289766", "sellingGeneralAndAdministrative": "1262199", "researchAndDevelopment": "134501", "operatingExpenses": "1396700", "investmentIncomeNet": "None", "netInterestIncome": "3260", "interestIncome": "19571", "interestExpense": "16311", "nonInterestIncome": "None", "otherNonOperatingIncome": "None", "depreciation": "None", "depreciationAndAmortization": "8730", "incomeBeforeTax": "-2175866", "incomeTaxExpense": "-44735", "interestAndDebtExpense": "None", "netIncomeFromContinuingOperations": "-2131131", "comprehensiveIncomeNetOfTax": "None", "ebit": "-2159555", "ebitda": "-2150825", "netIncome": "-1846046"}, {"fiscalDateEnding": "2020-06-30", "reportedCurrency": "USD", "grossProfit": "222277", "totalRevenue": "226513", "costOfRevenue": "4236", "costofGoodsAndServicesSold": "4236", "operatingIncome": "-1194013", "sellingGeneralAndAdministrative": "1277208", "researchAndDevelopment": "139082", "operatingExpenses": "1416290", "investmentIncomeNet": "None", "netInterestIncome": "-131175", "interestIncome": "9350", "interestExpense": "140525", "nonInterestIncome": "None", "otherNonOperatingIncome": "None", "depreciation": "None", "depreciationAndAmortization": "10425", "incomeBeforeTax": "-2232701", "incomeTaxExpense": "-48644", "interestAndDebtExpense": "None", "netIncomeFromContinuingOperations": "-2184057", "comprehensiveIncomeNetOfTax": "None", "ebit": "-2092176", "ebitda": "-2081751", "netIncome": "-1849297"}, {"fiscalDateEnding": "2020-03-31", "reportedCurrency": "USD", "grossProfit": "74827", "totalRevenue": "78786", "costOfRevenue": "3959", "costofGoodsAndServicesSold": "3959", "operatingIncome": "-1171377", "sellingGeneralAndAdministrative": "1153414", "researchAndDevelopment": "92790", "operatingExpenses": "1246204", "investmentIncomeNet": "None", "netInterestIncome": "-120797", "interestIncome": "10720", "interestExpense": "131517", "nonInterestIncome": "None", "otherNonOperatingIncome": "None", "depreciation": "None", "depreciationAndAmortization": "11174", "incomeBeforeTax": "-1349830", "incomeTaxExpense": "-40568", "interestAndDebtExpense": "None", "netIncomeFromContinuingOperations": "-1309262", "comprehensiveIncomeNetOfTax": "None", "ebit": "-1218313", "ebitda": "-1207139", "netIncome": "-1247538"}, {"fiscalDateEnding": "2019-12-31", "reportedCurrency": "USD", "grossProfit": "97473", "totalRevenue": "99962", "costOfRevenue": "2489", "costofGoodsAndServicesSold": "2489", "operatingIncome": "-1123783", "sellingGeneralAndAdministrative": "951667", "researchAndDevelopment": "269589", "operatingExpenses": "1223745", "investmentIncomeNet": "None", "netInterestIncome": "-91409", "interestIncome": "16065", "interestExpense": "107474", "nonInterestIncome": "None", "otherNonOperatingIncome": "None", "depreciation": "None", "depreciationAndAmortization": "None", "incomeBeforeTax": "-1143039", "incomeTaxExpense": "-27253", "interestAndDebtExpense": "None", "netIncomeFromContinuingOperations": "-1115786", "comprehensiveIncomeNetOfTax": "None", "ebit": "-1024372", "ebitda": "None", "netIncome": "-1077671"}, {"fiscalDateEnding": "2019-09-30", "reportedCurrency": "USD", "grossProfit": "180674", "totalRevenue": "197733", "costOfRevenue": "17059", "costofGoodsAndServicesSold": "17059", "operatingIncome": "-1115622", "sellingGeneralAndAdministrative": "1041000", "researchAndDevelopment": "269239", "operatingExpenses": "1296296", "investmentIncomeNet": "None", "netInterestIncome": "-105944", "interestIncome": "6024", "interestExpense": "111968", "nonInterestIncome": "None", "otherNonOperatingIncome": "None", "depreciation": "None", "depreciationAndAmortization": "14262", "incomeBeforeTax": "-1281130", "incomeTaxExpense": "48555", "interestAndDebtExpense": "None", "netIncomeFromContinuingOperations": "-1329685", "comprehensiveIncomeNetOfTax": "None", "ebit": "-1169167", "ebitda": "-1154905", "netIncome": "-1214859"}, {"fiscalDateEnding": "2019-06-30", "reportedCurrency": "USD", "grossProfit": "162739", "totalRevenue": "191782", "costOfRevenue": "29043", "costofGoodsAndServicesSold": "29043", "operatingIncome": "-488808", "sellingGeneralAndAdministrative": "579469", "researchAndDevelopment": "87769", "operatingExpenses": "651547", "investmentIncomeNet": "None", "netInterestIncome": "-131620", "interestIncome": "1066", "interestExpense": "132686", "nonInterestIncome": "None", "otherNonOperatingIncome": "None", "depreciation": "None", "depreciationAndAmortization": "15691", "incomeBeforeTax": "-655251", "incomeTaxExpense": "-40798", "interestAndDebtExpense": "None", "netIncomeFromContinuingOperations": "-614453", "comprehensiveIncomeNetOfTax": "None", "ebit": "-522561", "ebitda": "-506870", "netIncome": "-557576"}, {"fiscalDateEnding": "2019-03-31", "reportedCurrency": "USD", "grossProfit": "196803", "totalRevenue": "212242", "costOfRevenue": "15439", "costofGoodsAndServicesSold": "15439", "operatingIncome": "-730566", "sellingGeneralAndAdministrative": "519353", "researchAndDevelopment": "421956", "operatingExpenses": "927369", "investmentIncomeNet": "None", "netInterestIncome": "-129697", "interestIncome": "189", "interestExpense": "129886", "nonInterestIncome": "None", "otherNonOperatingIncome": "None", "depreciation": "None", "depreciationAndAmortization": "13940", "incomeBeforeTax": "-930862", "incomeTaxExpense": "-57545", "interestAndDebtExpense": "None", "netIncomeFromContinuingOperations": "-873317", "comprehensiveIncomeNetOfTax": "None", "ebit": "-800977", "ebitda": "-787037", "netIncome": "-791671"}, {"fiscalDateEnding": "2018-12-31", "reportedCurrency": "USD", "grossProfit": "0", "totalRevenue": "0", "costOfRevenue": "0", "costofGoodsAndServicesSold": "0", "operatingIncome": "-714953", "sellingGeneralAndAdministrative": "169795", "researchAndDevelopment": "539759", "operatingExpenses": "714953", "investmentIncomeNet": "None", "netInterestIncome": "None", "interestIncome": "None", "interestExpense": "41248", "nonInterestIncome": "None", "otherNonOperatingIncome": "None", "depreciation": "None", "depreciationAndAmortization": "None", "incomeBeforeTax": "-3306108", "incomeTaxExpense": "-124855", "interestAndDebtExpense": "None", "netIncomeFromContinuingOperations": "-3306108", "comprehensiveIncomeNetOfTax": "None", "ebit": "-714953", "ebitda": "None", "netIncome": "-3306108"}, {"fiscalDateEnding": "2018-09-30", "reportedCurrency": "USD", "grossProfit": "-10359", "totalRevenue": "747", "costOfRevenue": "11106", "costofGoodsAndServicesSold": "11106", "operatingIncome": "-396285", "sellingGeneralAndAdministrative": "341981", "researchAndDevelopment": "54514", "operatingExpenses": "385926", "investmentIncomeNet": "None", "netInterestIncome": "None", "interestIncome": "None", "interestExpense": "122326", "nonInterestIncome": "None", "otherNonOperatingIncome": "None", "depreciation": "None", "depreciationAndAmortization": "10569", "incomeBeforeTax": "-756375", "incomeTaxExpense": "-69075", "interestAndDebtExpense": "None", "netIncomeFromContinuingOperations": "-218573", "comprehensiveIncomeNetOfTax": "None", "ebit": "-634044", "ebitda": "-623475", "netIncome": "-570809"}, {"fiscalDateEnding": "2018-06-30", "reportedCurrency": "USD", "grossProfit": "-10341", "totalRevenue": "3229", "costOfRevenue": "13570", "costofGoodsAndServicesSold": "13570", "operatingIncome": "-524432", "sellingGeneralAndAdministrative": "468645", "researchAndDevelopment": "56697", "operatingExpenses": "514090", "investmentIncomeNet": "None", "netInterestIncome": "None", "interestIncome": "None", "interestExpense": "116802", "nonInterestIncome": "None", "otherNonOperatingIncome": "None", "depreciation": "None", "depreciationAndAmortization": "11251", "incomeBeforeTax": "-812925", "incomeTaxExpense": "-76885", "interestAndDebtExpense": "None", "netIncomeFromContinuingOperations": "-314582", "comprehensiveIncomeNetOfTax": "None", "ebit": "-696124", "ebitda": "-684873", "netIncome": "-632170"}, {"fiscalDateEnding": "2018-03-31", "reportedCurrency": "USD", "grossProfit": "-11420", "totalRevenue": "0", "costOfRevenue": "11420", "costofGoodsAndServicesSold": "11420", "operatingIncome": "-674199", "sellingGeneralAndAdministrative": "426088", "researchAndDevelopment": "248111", "operatingExpenses": "662779", "investmentIncomeNet": "None", "netInterestIncome": "None", "interestIncome": "None", "interestExpense": "106854", "nonInterestIncome": "None", "otherNonOperatingIncome": "None", "depreciation": "None", "depreciationAndAmortization": "11420", "incomeBeforeTax": "-807904", "incomeTaxExpense": "-94282", "interestAndDebtExpense": "None", "netIncomeFromContinuingOperations": "-368033.71", "comprehensiveIncomeNetOfTax": "None", "ebit": "-701049", "ebitda": "-689629", "netIncome": "-601387"}, {"fiscalDateEnding": "2017-12-31", "reportedCurrency": "USD", "grossProfit": "-160000", "totalRevenue": "-160000", "costOfRevenue": "None", "costofGoodsAndServicesSold": "None", "operatingIncome": "-352794", "sellingGeneralAndAdministrative": "307093", "researchAndDevelopment": "45701", "operatingExpenses": "352794", "investmentIncomeNet": "None", "netInterestIncome": "None", "interestIncome": "None", "interestExpense": "28500", "nonInterestIncome": "None", "otherNonOperatingIncome": "None", "depreciation": "None", "depreciationAndAmortization": "80", "incomeBeforeTax": "-381214", "incomeTaxExpense": "830", "interestAndDebtExpense": "None", "netIncomeFromContinuingOperations": "None", "comprehensiveIncomeNetOfTax": "None", "ebit": "-353080", "ebitda": "-352714", "netIncome": "-381214"}, {"fiscalDateEnding": "2017-09-30", "reportedCurrency": "USD", "grossProfit": "0", "totalRevenue": "0", "costOfRevenue": "0", "costofGoodsAndServicesSold": "0", "operatingIncome": "-3359636", "sellingGeneralAndAdministrative": "153005", "researchAndDevelopment": "3074521", "operatingExpenses": "3359636", "investmentIncomeNet": "None", "netInterestIncome": "None", "interestIncome": "None", "interestExpense": "27460", "nonInterestIncome": "None", "otherNonOperatingIncome": "None", "depreciation": "None", "depreciationAndAmortization": "None", "incomeBeforeTax": "-3387096", "incomeTaxExpense": "0", "interestAndDebtExpense": "None", "netIncomeFromContinuingOperations": "-3387096", "comprehensiveIncomeNetOfTax": "None", "ebit": "-3359636", "ebitda": "None", "netIncome": "-3387096"}, {"fiscalDateEnding": "2017-06-30", "reportedCurrency": "USD", "grossProfit": "90000", "totalRevenue": "90000", "costOfRevenue": "0", "costofGoodsAndServicesSold": "0", "operatingIncome": "-189479", "sellingGeneralAndAdministrative": "171979", "researchAndDevelopment": "17500", "operatingExpenses": "189479", "investmentIncomeNet": "None", "netInterestIncome": "None", "interestIncome": "None", "interestExpense": "28500", "nonInterestIncome": "None", "otherNonOperatingIncome": "None", "depreciation": "None", "depreciationAndAmortization": "100", "incomeBeforeTax": "-217879", "incomeTaxExpense": "-100", "interestAndDebtExpense": "None", "netIncomeFromContinuingOperations": "-217879", "comprehensiveIncomeNetOfTax": "None", "ebit": "-99579", "ebitda": "-189379", "netIncome": "-217879"}, {"fiscalDateEnding": "2017-03-31", "reportedCurrency": "USD", "grossProfit": "0", "totalRevenue": "0", "costOfRevenue": "0", "costofGoodsAndServicesSold": "0", "operatingIncome": "-237000", "sellingGeneralAndAdministrative": "211691", "researchAndDevelopment": "25150", "operatingExpenses": "236841", "investmentIncomeNet": "None", "netInterestIncome": "None", "interestIncome": "None", "interestExpense": "19000", "nonInterestIncome": "None", "otherNonOperatingIncome": "None", "depreciation": "None", "depreciationAndAmortization": "236841", "incomeBeforeTax": "-256000", "incomeTaxExpense": "830", "interestAndDebtExpense": "None", "netIncomeFromContinuingOperations": "-256671", "comprehensiveIncomeNetOfTax": "None", "ebit": "-473841", "ebitda": "-237000", "netIncome": "-257000"}, {"fiscalDateEnding": "2016-12-31", "reportedCurrency": "USD", "grossProfit": "70000", "totalRevenue": "70000", "costOfRevenue": "0", "costofGoodsAndServicesSold": "0", "operatingIncome": "-210386", "sellingGeneralAndAdministrative": "185188", "researchAndDevelopment": "25198", "operatingExpenses": "210386", "investmentIncomeNet": "None", "netInterestIncome": "None", "interestIncome": "None", "interestExpense": "6417", "nonInterestIncome": "None", "otherNonOperatingIncome": "None", "depreciation": "None", "depreciationAndAmortization": "647777", "incomeBeforeTax": "-210337", "incomeTaxExpense": "-98", "interestAndDebtExpense": "None", "netIncomeFromContinuingOperations": "-210337", "comprehensiveIncomeNetOfTax": "None", "ebit": "5204223", "ebitda": "-210337", "netIncome": "-210337"}, {"fiscalDateEnding": "2016-09-30", "reportedCurrency": "USD", "grossProfit": "None", "totalRevenue": "None", "costOfRevenue": "None", "costofGoodsAndServicesSold": "None", "operatingIncome": "5852223", "sellingGeneralAndAdministrative": "4147777", "researchAndDevelopment": "None", "operatingExpenses": "-5852223", "investmentIncomeNet": "None", "netInterestIncome": "None", "interestIncome": "None", "interestExpense": "6417", "nonInterestIncome": "None", "otherNonOperatingIncome": "None", "depreciation": "None", "depreciationAndAmortization": "None", "incomeBeforeTax": "5845806", "incomeTaxExpense": "None", "interestAndDebtExpense": "None", "netIncomeFromContinuingOperations": "None", "comprehensiveIncomeNetOfTax": "None", "ebit": "None", "ebitda": "5852223", "netIncome": "5845806"}, {"fiscalDateEnding": "2016-06-30", "reportedCurrency": "USD", "grossProfit": "None", "totalRevenue": "None", "costOfRevenue": "None", "costofGoodsAndServicesSold": "None", "operatingIncome": "-289098", "sellingGeneralAndAdministrative": "289098", "researchAndDevelopment": "None", "operatingExpenses": "289098", "investmentIncomeNet": "None", "netInterestIncome": "None", "interestIncome": "None", "interestExpense": "3753", "nonInterestIncome": "None", "otherNonOperatingIncome": "None", "depreciation": "None", "depreciationAndAmortization": "361", "incomeBeforeTax": "-292401", "incomeTaxExpense": "836", "interestAndDebtExpense": "None", "netIncomeFromContinuingOperations": "None", "comprehensiveIncomeNetOfTax": "None", "ebit": "-289009", "ebitda": "-288647", "netIncome": "-293237"}, {"fiscalDateEnding": "2016-03-31", "reportedCurrency": "USD", "grossProfit": "-32", "totalRevenue": "32", "costOfRevenue": "32", "costofGoodsAndServicesSold": "32", "operatingIncome": "-6608764", "sellingGeneralAndAdministrative": "None", "researchAndDevelopment": "6500000", "operatingExpenses": "6608732", "investmentIncomeNet": "None", "netInterestIncome": "None", "interestIncome": "None", "interestExpense": "52", "nonInterestIncome": "None", "otherNonOperatingIncome": "None", "depreciation": "None", "depreciationAndAmortization": "6608764", "incomeBeforeTax": "-6608712", "incomeTaxExpense": "-52", "interestAndDebtExpense": "None", "netIncomeFromContinuingOperations": "None", "comprehensiveIncomeNetOfTax": "None", "ebit": "-13217476", "ebitda": "-6608714", "netIncome": "-6608712"}, {"fiscalDateEnding": "2015-12-31", "reportedCurrency": "USD", "grossProfit": "None", "totalRevenue": "None", "costOfRevenue": "None", "costofGoodsAndServicesSold": "None", "operatingIncome": "-3320", "sellingGeneralAndAdministrative": "None", "researchAndDevelopment": "3500000", "operatingExpenses": "3323", "investmentIncomeNet": "None", "netInterestIncome": "None", "interestIncome": "None", "interestExpense": "13150", "nonInterestIncome": "None", "otherNonOperatingIncome": "None", "depreciation": "None", "depreciationAndAmortization": "-13150", "incomeBeforeTax": "9827", "incomeTaxExpense": "-26300", "interestAndDebtExpense": "None", "netIncomeFromContinuingOperations": "None", "comprehensiveIncomeNetOfTax": "None", "ebit": "-3488455", "ebitda": "-3320", "netIncome": "9827"}, {"fiscalDateEnding": "2015-09-30", "reportedCurrency": "USD", "grossProfit": "880", "totalRevenue": "1100", "costOfRevenue": "220", "costofGoodsAndServicesSold": "220", "operatingIncome": "-30870", "sellingGeneralAndAdministrative": "None", "researchAndDevelopment": "None", "operatingExpenses": "31750", "investmentIncomeNet": "None", "netInterestIncome": "None", "interestIncome": "None", "interestExpense": "None", "nonInterestIncome": "None", "otherNonOperatingIncome": "None", "depreciation": "None", "depreciationAndAmortization": "None", "incomeBeforeTax": "-30870", "incomeTaxExpense": "None", "interestAndDebtExpense": "None", "netIncomeFromContinuingOperations": "None", "comprehensiveIncomeNetOfTax": "None", "ebit": "None", "ebitda": "-30870", "netIncome": "-30870"}, {"fiscalDateEnding": "2015-06-30", "reportedCurrency": "USD", "grossProfit": "None", "totalRevenue": "None", "costOfRevenue": "None", "costofGoodsAndServicesSold": "None", "operatingIncome": "-1500", "sellingGeneralAndAdministrative": "None", "researchAndDevelopment": "None", "operatingExpenses": "1500", "investmentIncomeNet": "None", "netInterestIncome": "None", "interestIncome": "None", "interestExpense": "None", "nonInterestIncome": "None", "otherNonOperatingIncome": "None", "depreciation": "None", "depreciationAndAmortization": "None", "incomeBeforeTax": "-1500", "incomeTaxExpense": "None", "interestAndDebtExpense": "None", "netIncomeFromContinuingOperations": "None", "comprehensiveIncomeNetOfTax": "None", "ebit": "None", "ebitda": "-1500", "netIncome": "-1500"}, {"fiscalDateEnding": "2015-03-31", "reportedCurrency": "USD", "grossProfit": "1959", "totalRevenue": "2260", "costOfRevenue": "301", "costofGoodsAndServicesSold": "301", "operatingIncome": "-840", "sellingGeneralAndAdministrative": "628758", "researchAndDevelopment": "None", "operatingExpenses": "840", "investmentIncomeNet": "None", "netInterestIncome": "None", "interestIncome": "None", "interestExpense": "16537", "nonInterestIncome": "None", "otherNonOperatingIncome": "None", "depreciation": "None", "depreciationAndAmortization": "1030", "incomeBeforeTax": "-840", "incomeTaxExpense": "67637", "interestAndDebtExpense": "None", "netIncomeFromContinuingOperations": "None", "comprehensiveIncomeNetOfTax": "None", "ebit": "-2060", "ebitda": "1119", "netIncome": "1119"}, {"fiscalDateEnding": "2014-12-31", "reportedCurrency": "USD", "grossProfit": "None", "totalRevenue": "None", "costOfRevenue": "None", "costofGoodsAndServicesSold": "None", "operatingIncome": "-1030", "sellingGeneralAndAdministrative": "None", "researchAndDevelopment": "None", "operatingExpenses": "1030", "investmentIncomeNet": "None", "netInterestIncome": "None", "interestIncome": "None", "interestExpense": "None", "nonInterestIncome": "None", "otherNonOperatingIncome": "None", "depreciation": "None", "depreciationAndAmortization": "None", "incomeBeforeTax": "-1030", "incomeTaxExpense": "None", "interestAndDebtExpense": "None", "netIncomeFromContinuingOperations": "None", "comprehensiveIncomeNetOfTax": "None", "ebit": "None", "ebitda": "-1030", "netIncome": "-1030"}, {"fiscalDateEnding": "2014-06-30", "reportedCurrency": "USD", "grossProfit": "None", "totalRevenue": "None", "costOfRevenue": "None", "costofGoodsAndServicesSold": "None", "operatingIncome": "-30", "sellingGeneralAndAdministrative": "None", "researchAndDevelopment": "None", "operatingExpenses": "30", "investmentIncomeNet": "None", "netInterestIncome": "None", "interestIncome": "None", "interestExpense": "None", "nonInterestIncome": "None", "otherNonOperatingIncome": "None", "depreciation": "None", "depreciationAndAmortization": "None", "incomeBeforeTax": "-30", "incomeTaxExpense": "None", "interestAndDebtExpense": "None", "netIncomeFromContinuingOperations": "None", "comprehensiveIncomeNetOfTax": "None", "ebit": "None", "ebitda": "-30", "netIncome": "-30"}, {"fiscalDateEnding": "2014-03-31", "reportedCurrency": "USD", "grossProfit": "None", "totalRevenue": "None", "costOfRevenue": "None", "costofGoodsAndServicesSold": "None", "operatingIncome": "-30", "sellingGeneralAndAdministrative": "None", "researchAndDevelopment": "None", "operatingExpenses": "30", "investmentIncomeNet": "None", "netInterestIncome": "None", "interestIncome": "None", "interestExpense": "None", "nonInterestIncome": "None", "otherNonOperatingIncome": "None", "depreciation": "None", "depreciationAndAmortization": "None", "incomeBeforeTax": "-30", "incomeTaxExpense": "None", "interestAndDebtExpense": "None", "netIncomeFromContinuingOperations": "None", "comprehensiveIncomeNetOfTax": "None", "ebit": "None", "ebitda": "-30", "netIncome": "-30"}, {"fiscalDateEnding": "2013-12-31", "reportedCurrency": "USD", "grossProfit": "None", "totalRevenue": "None", "costOfRevenue": "None", "costofGoodsAndServicesSold": "None", "operatingIncome": "-10", "sellingGeneralAndAdministrative": "None", "researchAndDevelopment": "None", "operatingExpenses": "10", "investmentIncomeNet": "None", "netInterestIncome": "None", "interestIncome": "None", "interestExpense": "None", "nonInterestIncome": "None", "otherNonOperatingIncome": "None", "depreciation": "None", "depreciationAndAmortization": "None", "incomeBeforeTax": "-10", "incomeTaxExpense": "None", "interestAndDebtExpense": "None", "netIncomeFromContinuingOperations": "None", "comprehensiveIncomeNetOfTax": "None", "ebit": "None", "ebitda": "-10", "netIncome": "-10"}, {"fiscalDateEnding": "2013-06-30", "reportedCurrency": "USD", "grossProfit": "None", "totalRevenue": "None", "costOfRevenue": "None", "costofGoodsAndServicesSold": "None", "operatingIncome": "-19373", "sellingGeneralAndAdministrative": "None", "researchAndDevelopment": "None", "operatingExpenses": "19373", "investmentIncomeNet": "None", "netInterestIncome": "None", "interestIncome": "None", "interestExpense": "16537", "nonInterestIncome": "None", "otherNonOperatingIncome": "None", "depreciation": "None", "depreciationAndAmortization": "7953", "incomeBeforeTax": "-35910", "incomeTaxExpense": "None", "interestAndDebtExpense": "None", "netIncomeFromContinuingOperations": "None", "comprehensiveIncomeNetOfTax": "None", "ebit": "-19373", "ebitda": "-11420", "netIncome": "-35910"}, {"fiscalDateEnding": "2013-03-31", "reportedCurrency": "USD", "grossProfit": "761", "totalRevenue": "761", "costOfRevenue": "None", "costofGoodsAndServicesSold": "None", "operatingIncome": "-20452", "sellingGeneralAndAdministrative": "None", "researchAndDevelopment": "None", "operatingExpenses": "21213", "investmentIncomeNet": "None", "netInterestIncome": "None", "interestIncome": "None", "interestExpense": "16187", "nonInterestIncome": "None", "otherNonOperatingIncome": "None", "depreciation": "None", "depreciationAndAmortization": "7953", "incomeBeforeTax": "-36639", "incomeTaxExpense": "67637", "interestAndDebtExpense": "None", "netIncomeFromContinuingOperations": "None", "comprehensiveIncomeNetOfTax": "None", "ebit": "-20452", "ebitda": "-12499", "netIncome": "-104276"}, {"fiscalDateEnding": "2012-12-31", "reportedCurrency": "USD", "grossProfit": "7026", "totalRevenue": "7026", "costOfRevenue": "None", "costofGoodsAndServicesSold": "None", "operatingIncome": "-137434", "sellingGeneralAndAdministrative": "None", "researchAndDevelopment": "None", "operatingExpenses": "144460", "investmentIncomeNet": "None", "netInterestIncome": "None", "interestIncome": "None", "interestExpense": "16369", "nonInterestIncome": "None", "otherNonOperatingIncome": "None", "depreciation": "None", "depreciationAndAmortization": "7953", "incomeBeforeTax": "-153803", "incomeTaxExpense": "None", "interestAndDebtExpense": "None", "netIncomeFromContinuingOperations": "None", "comprehensiveIncomeNetOfTax": "None", "ebit": "-137434", "ebitda": "-129481", "netIncome": "-153803"}, {"fiscalDateEnding": "2012-09-30", "reportedCurrency": "USD", "grossProfit": "None", "totalRevenue": "None", "costOfRevenue": "None", "costofGoodsAndServicesSold": "None", "operatingIncome": "-108068", "sellingGeneralAndAdministrative": "None", "researchAndDevelopment": "None", "operatingExpenses": "108068", "investmentIncomeNet": "None", "netInterestIncome": "None", "interestIncome": "None", "interestExpense": "14948", "nonInterestIncome": "None", "otherNonOperatingIncome": "None", "depreciation": "None", "depreciationAndAmortization": "-191326", "incomeBeforeTax": "None", "incomeTaxExpense": "None", "interestAndDebtExpense": "None", "netIncomeFromContinuingOperations": "None", "comprehensiveIncomeNetOfTax": "None", "ebit": "-108068", "ebitda": "-299394", "netIncome": "-190653"}, {"fiscalDateEnding": "2012-06-30", "reportedCurrency": "USD", "grossProfit": "-41557", "totalRevenue": "-13499", "costOfRevenue": "41557", "costofGoodsAndServicesSold": "41557", "operatingIncome": "-245000", "sellingGeneralAndAdministrative": "245447", "researchAndDevelopment": "None", "operatingExpenses": "245447", "investmentIncomeNet": "None", "netInterestIncome": "None", "interestIncome": "None", "interestExpense": "13499", "nonInterestIncome": "None", "otherNonOperatingIncome": "None", "depreciation": "None", "depreciationAndAmortization": "7977", "incomeBeforeTax": "-259000", "incomeTaxExpense": "13499", "interestAndDebtExpense": "None", "netIncomeFromContinuingOperations": "None", "comprehensiveIncomeNetOfTax": "None", "ebit": "-244977", "ebitda": "-237000", "netIncome": "-259000"}, {"fiscalDateEnding": "2012-03-31", "reportedCurrency": "USD", "grossProfit": "3665", "totalRevenue": "3665", "costOfRevenue": "41557", "costofGoodsAndServicesSold": "41557", "operatingIncome": "-330553", "sellingGeneralAndAdministrative": "334218", "researchAndDevelopment": "None", "operatingExpenses": "334218", "investmentIncomeNet": "None", "netInterestIncome": "None", "interestIncome": "None", "interestExpense": "12287", "nonInterestIncome": "None", "otherNonOperatingIncome": "None", "depreciation": "None", "depreciationAndAmortization": "8034", "incomeBeforeTax": "-342840", "incomeTaxExpense": "12287", "interestAndDebtExpense": "None", "netIncomeFromContinuingOperations": "None", "comprehensiveIncomeNetOfTax": "None", "ebit": "-330553", "ebitda": "-322519", "netIncome": "-342840"}, {"fiscalDateEnding": "2011-12-31", "reportedCurrency": "USD", "grossProfit": "3665", "totalRevenue": "3665", "costOfRevenue": "None", "costofGoodsAndServicesSold": "None", "operatingIncome": "-330553", "sellingGeneralAndAdministrative": "334218", "researchAndDevelopment": "None", "operatingExpenses": "334218", "investmentIncomeNet": "None", "netInterestIncome": "None", "interestIncome": "None", "interestExpense": "12287", "nonInterestIncome": "None", "otherNonOperatingIncome": "None", "depreciation": "None", "depreciationAndAmortization": "8034", "incomeBeforeTax": "-277139", "incomeTaxExpense": "12287", "interestAndDebtExpense": "None", "netIncomeFromContinuingOperations": "None", "comprehensiveIncomeNetOfTax": "None", "ebit": "-330553", "ebitda": "-322519", "netIncome": "-342840"}, {"fiscalDateEnding": "2011-09-30", "reportedCurrency": "USD", "grossProfit": "2049", "totalRevenue": "2049", "costOfRevenue": "None", "costofGoodsAndServicesSold": "None", "operatingIncome": "-459000", "sellingGeneralAndAdministrative": "461026", "researchAndDevelopment": "None", "operatingExpenses": "461026", "investmentIncomeNet": "None", "netInterestIncome": "None", "interestIncome": "None", "interestExpense": "46964", "nonInterestIncome": "None", "otherNonOperatingIncome": "None", "depreciation": "None", "depreciationAndAmortization": "8364", "incomeBeforeTax": "-277000", "incomeTaxExpense": "-458000", "interestAndDebtExpense": "None", "netIncomeFromContinuingOperations": "None", "comprehensiveIncomeNetOfTax": "None", "ebit": "-230364", "ebitda": "-222000", "netIncome": "-277000"}, {"fiscalDateEnding": "2011-06-30", "reportedCurrency": "USD", "grossProfit": "None", "totalRevenue": "None", "costOfRevenue": "None", "costofGoodsAndServicesSold": "None", "operatingIncome": "-418000", "sellingGeneralAndAdministrative": "417615", "researchAndDevelopment": "None", "operatingExpenses": "417615", "investmentIncomeNet": "None", "netInterestIncome": "None", "interestIncome": "None", "interestExpense": "44419", "nonInterestIncome": "None", "otherNonOperatingIncome": "None", "depreciation": "None", "depreciationAndAmortization": "8552", "incomeBeforeTax": "-815412", "incomeTaxExpense": "44419", "interestAndDebtExpense": "None", "netIncomeFromContinuingOperations": "None", "comprehensiveIncomeNetOfTax": "None", "ebit": "-417552", "ebitda": "-409000", "netIncome": "-462000"}, {"fiscalDateEnding": "2011-03-31", "reportedCurrency": "USD", "grossProfit": "720", "totalRevenue": "720", "costOfRevenue": "None", "costofGoodsAndServicesSold": "None", "operatingIncome": "-329000", "sellingGeneralAndAdministrative": "329436", "researchAndDevelopment": "None", "operatingExpenses": "329436", "investmentIncomeNet": "None", "netInterestIncome": "None", "interestIncome": "None", "interestExpense": "61416", "nonInterestIncome": "None", "otherNonOperatingIncome": "None", "depreciation": "None", "depreciationAndAmortization": "7325", "incomeBeforeTax": "544150", "incomeTaxExpense": "-1746000", "interestAndDebtExpense": "None", "netIncomeFromContinuingOperations": "None", "comprehensiveIncomeNetOfTax": "None", "ebit": "-328325", "ebitda": "-321000", "netIncome": "482734"}, {"fiscalDateEnding": "2010-12-31", "reportedCurrency": "USD", "grossProfit": "2470", "totalRevenue": "2470", "costOfRevenue": "None", "costofGoodsAndServicesSold": "None", "operatingIncome": "-368177", "sellingGeneralAndAdministrative": "370647", "researchAndDevelopment": "None", "operatingExpenses": "370647", "investmentIncomeNet": "None", "netInterestIncome": "None", "interestIncome": "None", "interestExpense": "56525", "nonInterestIncome": "None", "otherNonOperatingIncome": "None", "depreciation": "None", "depreciationAndAmortization": "9970", "incomeBeforeTax": "-423939", "incomeTaxExpense": "-1526", "interestAndDebtExpense": "None", "netIncomeFromContinuingOperations": "None", "comprehensiveIncomeNetOfTax": "None", "ebit": "-368177", "ebitda": "-358207", "netIncome": "-423939"}, {"fiscalDateEnding": "2010-09-30", "reportedCurrency": "USD", "grossProfit": "1146", "totalRevenue": "1146", "costOfRevenue": "None", "costofGoodsAndServicesSold": "None", "operatingIncome": "-135000", "sellingGeneralAndAdministrative": "343293", "researchAndDevelopment": "None", "operatingExpenses": "136310", "investmentIncomeNet": "None", "netInterestIncome": "None", "interestIncome": "None", "interestExpense": "50522", "nonInterestIncome": "None", "otherNonOperatingIncome": "None", "depreciation": "None", "depreciationAndAmortization": "11114", "incomeBeforeTax": "-135000", "incomeTaxExpense": "383109", "interestAndDebtExpense": "None", "netIncomeFromContinuingOperations": "None", "comprehensiveIncomeNetOfTax": "None", "ebit": "-135114", "ebitda": "-124000", "netIncome": "-377000"}, {"fiscalDateEnding": "2010-06-30", "reportedCurrency": "USD", "grossProfit": "1146", "totalRevenue": "1146", "costOfRevenue": "None", "costofGoodsAndServicesSold": "None", "operatingIncome": "-135164", "sellingGeneralAndAdministrative": "343293", "researchAndDevelopment": "None", "operatingExpenses": "136310", "investmentIncomeNet": "None", "netInterestIncome": "None", "interestIncome": "None", "interestExpense": "50522", "nonInterestIncome": "None", "otherNonOperatingIncome": "None", "depreciation": "None", "depreciationAndAmortization": "11114", "incomeBeforeTax": "-135164", "incomeTaxExpense": "383109", "interestAndDebtExpense": "None", "netIncomeFromContinuingOperations": "None", "comprehensiveIncomeNetOfTax": "None", "ebit": "-135164", "ebitda": "-124050", "netIncome": "-377240"}, {"fiscalDateEnding": "2010-03-31", "reportedCurrency": "USD", "grossProfit": "2829", "totalRevenue": "2829", "costOfRevenue": "None", "costofGoodsAndServicesSold": "None", "operatingIncome": "-339000", "sellingGeneralAndAdministrative": "341728", "researchAndDevelopment": "None", "operatingExpenses": "341728", "investmentIncomeNet": "None", "netInterestIncome": "None", "interestIncome": "None", "interestExpense": "61969", "nonInterestIncome": "None", "otherNonOperatingIncome": "None", "depreciation": "None", "depreciationAndAmortization": "11388", "incomeBeforeTax": "-737000", "incomeTaxExpense": "-383000", "interestAndDebtExpense": "None", "netIncomeFromContinuingOperations": "None", "comprehensiveIncomeNetOfTax": "None", "ebit": "-339388", "ebitda": "-328000", "netIncome": "-209000"}, {"fiscalDateEnding": "2009-12-31", "reportedCurrency": "USD", "grossProfit": "5428", "totalRevenue": "5428", "costOfRevenue": "None", "costofGoodsAndServicesSold": "None", "operatingIncome": "-425217", "sellingGeneralAndAdministrative": "430645", "researchAndDevelopment": "None", "operatingExpenses": "430644", "investmentIncomeNet": "None", "netInterestIncome": "None", "interestIncome": "None", "interestExpense": "53289", "nonInterestIncome": "None", "otherNonOperatingIncome": "None", "depreciation": "None", "depreciationAndAmortization": "11561", "incomeBeforeTax": "-737134", "incomeTaxExpense": "52788", "interestAndDebtExpense": "None", "netIncomeFromContinuingOperations": "None", "comprehensiveIncomeNetOfTax": "None", "ebit": "-425217", "ebitda": "-413656", "netIncome": "-478506"}, {"fiscalDateEnding": "2009-09-30", "reportedCurrency": "USD", "grossProfit": "5457", "totalRevenue": "5457", "costOfRevenue": "None", "costofGoodsAndServicesSold": "None", "operatingIncome": "-758871", "sellingGeneralAndAdministrative": "758871", "researchAndDevelopment": "None", "operatingExpenses": "758871", "investmentIncomeNet": "None", "netInterestIncome": "None", "interestIncome": "None", "interestExpense": "49745", "nonInterestIncome": "None", "otherNonOperatingIncome": "None", "depreciation": "None", "depreciationAndAmortization": "11350", "incomeBeforeTax": "-737134", "incomeTaxExpense": "49745", "interestAndDebtExpense": "None", "netIncomeFromContinuingOperations": "None", "comprehensiveIncomeNetOfTax": "None", "ebit": "-758871", "ebitda": "-747521", "netIncome": "-808616"}, {"fiscalDateEnding": "2009-06-30", "reportedCurrency": "USD", "grossProfit": "None", "totalRevenue": "None", "costOfRevenue": "None", "costofGoodsAndServicesSold": "None", "operatingIncome": "-688000", "sellingGeneralAndAdministrative": "687699", "researchAndDevelopment": "None", "operatingExpenses": "687699", "investmentIncomeNet": "None", "netInterestIncome": "None", "interestIncome": "None", "interestExpense": "49435", "nonInterestIncome": "None", "otherNonOperatingIncome": "None", "depreciation": "None", "depreciationAndAmortization": "11350", "incomeBeforeTax": "-737134", "incomeTaxExpense": "49435", "interestAndDebtExpense": "None", "netIncomeFromContinuingOperations": "None", "comprehensiveIncomeNetOfTax": "None", "ebit": "-687350", "ebitda": "-676000", "netIncome": "-737000"}, {"fiscalDateEnding": "2009-03-31", "reportedCurrency": "USD", "grossProfit": "10885", "totalRevenue": "10885", "costOfRevenue": "None", "costofGoodsAndServicesSold": "None", "operatingIncome": "-834275", "sellingGeneralAndAdministrative": "834275", "researchAndDevelopment": "None", "operatingExpenses": "834275", "investmentIncomeNet": "None", "netInterestIncome": "None", "interestIncome": "None", "interestExpense": "48059", "nonInterestIncome": "None", "otherNonOperatingIncome": "None", "depreciation": "None", "depreciationAndAmortization": "11349", "incomeBeforeTax": "-882334", "incomeTaxExpense": "48059", "interestAndDebtExpense": "None", "netIncomeFromContinuingOperations": "None", "comprehensiveIncomeNetOfTax": "None", "ebit": "-823390", "ebitda": "-812041", "netIncome": "-882334"}, {"fiscalDateEnding": "2008-12-31", "reportedCurrency": "USD", "grossProfit": "-124000", "totalRevenue": "-124000", "costOfRevenue": "124480", "costofGoodsAndServicesSold": "124480", "operatingIncome": "-2630000", "sellingGeneralAndAdministrative": "2630000", "researchAndDevelopment": "None", "operatingExpenses": "2630000", "investmentIncomeNet": "None", "netInterestIncome": "None", "interestIncome": "None", "interestExpense": "124622", "nonInterestIncome": "None", "otherNonOperatingIncome": "None", "depreciation": "None", "depreciationAndAmortization": "11026", "incomeBeforeTax": "-2754000", "incomeTaxExpense": "124480", "interestAndDebtExpense": "None", "netIncomeFromContinuingOperations": "None", "comprehensiveIncomeNetOfTax": "None", "ebit": "-2630026", "ebitda": "-2619000", "netIncome": "-2754000"}, {"fiscalDateEnding": "2008-09-30", "reportedCurrency": "USD", "grossProfit": "208", "totalRevenue": "208", "costOfRevenue": "None", "costofGoodsAndServicesSold": "None", "operatingIncome": "-1057813", "sellingGeneralAndAdministrative": "None", "researchAndDevelopment": "None", "operatingExpenses": "1058021", "investmentIncomeNet": "None", "netInterestIncome": "None", "interestIncome": "None", "interestExpense": "None", "nonInterestIncome": "None", "otherNonOperatingIncome": "None", "depreciation": "None", "depreciationAndAmortization": "11515", "incomeBeforeTax": "-1217890", "incomeTaxExpense": "160077", "interestAndDebtExpense": "None", "netIncomeFromContinuingOperations": "None", "comprehensiveIncomeNetOfTax": "None", "ebit": "-1057813", "ebitda": "-1046298", "netIncome": "-1217890"}, {"fiscalDateEnding": "2008-06-30", "reportedCurrency": "USD", "grossProfit": "4050", "totalRevenue": "4050", "costOfRevenue": "None", "costofGoodsAndServicesSold": "None", "operatingIncome": "-1311094", "sellingGeneralAndAdministrative": "None", "researchAndDevelopment": "None", "operatingExpenses": "1315144", "investmentIncomeNet": "None", "netInterestIncome": "None", "interestIncome": "None", "interestExpense": "966237", "nonInterestIncome": "None", "otherNonOperatingIncome": "None", "depreciation": "None", "depreciationAndAmortization": "9700", "incomeBeforeTax": "-2277331", "incomeTaxExpense": "966237", "interestAndDebtExpense": "None", "netIncomeFromContinuingOperations": "None", "comprehensiveIncomeNetOfTax": "None", "ebit": "-1311094", "ebitda": "-1301394", "netIncome": "-2277331"}, {"fiscalDateEnding": "2008-03-31", "reportedCurrency": "USD", "grossProfit": "10417", "totalRevenue": "10417", "costOfRevenue": "None", "costofGoodsAndServicesSold": "None", "operatingIncome": "-1543000", "sellingGeneralAndAdministrative": "None", "researchAndDevelopment": "None", "operatingExpenses": "1553000", "investmentIncomeNet": "None", "netInterestIncome": "None", "interestIncome": "None", "interestExpense": "267846", "nonInterestIncome": "None", "otherNonOperatingIncome": "None", "depreciation": "None", "depreciationAndAmortization": "9701", "incomeBeforeTax": "-1811000", "incomeTaxExpense": "267846", "interestAndDebtExpense": "None", "netIncomeFromContinuingOperations": "None", "comprehensiveIncomeNetOfTax": "None", "ebit": "-1542701", "ebitda": "-1533000", "netIncome": "-1811000"}, {"fiscalDateEnding": "2007-12-31", "reportedCurrency": "USD", "grossProfit": "10417", "totalRevenue": "10417", "costOfRevenue": "None", "costofGoodsAndServicesSold": "None", "operatingIncome": "-1442839", "sellingGeneralAndAdministrative": "None", "researchAndDevelopment": "None", "operatingExpenses": "1453256", "investmentIncomeNet": "None", "netInterestIncome": "None", "interestIncome": "None", "interestExpense": "None", "nonInterestIncome": "None", "otherNonOperatingIncome": "None", "depreciation": "None", "depreciationAndAmortization": "6570", "incomeBeforeTax": "-1464200", "incomeTaxExpense": "21361", "interestAndDebtExpense": "None", "netIncomeFromContinuingOperations": "None", "comprehensiveIncomeNetOfTax": "None", "ebit": "-1442839", "ebitda": "-1436269", "netIncome": "-1464200"}, {"fiscalDateEnding": "2007-09-30", "reportedCurrency": "USD", "grossProfit": "40000", "totalRevenue": "40000", "costOfRevenue": "None", "costofGoodsAndServicesSold": "None", "operatingIncome": "-4870000", "sellingGeneralAndAdministrative": "4430000", "researchAndDevelopment": "None", "operatingExpenses": "4430000", "investmentIncomeNet": "None", "netInterestIncome": "None", "interestIncome": "None", "interestExpense": "240000", "nonInterestIncome": "None", "otherNonOperatingIncome": "None", "depreciation": "None", "depreciationAndAmortization": "10000", "incomeBeforeTax": "-4630000", "incomeTaxExpense": "-240000", "interestAndDebtExpense": "None", "netIncomeFromContinuingOperations": "None", "comprehensiveIncomeNetOfTax": "None", "ebit": "-4870000", "ebitda": "-4860000", "netIncome": "-4390000"}, {"fiscalDateEnding": "2007-06-30", "reportedCurrency": "USD", "grossProfit": "None", "totalRevenue": "10417", "costOfRevenue": "None", "costofGoodsAndServicesSold": "None", "operatingIncome": "-599777", "sellingGeneralAndAdministrative": "None", "researchAndDevelopment": "None", "operatingExpenses": "13552", "investmentIncomeNet": "None", "netInterestIncome": "None", "interestIncome": "None", "interestExpense": "975", "nonInterestIncome": "None", "otherNonOperatingIncome": "None", "depreciation": "None", "depreciationAndAmortization": "-975", "incomeBeforeTax": "-714395", "incomeTaxExpense": "-975", "interestAndDebtExpense": "None", "netIncomeFromContinuingOperations": "None", "comprehensiveIncomeNetOfTax": "None", "ebit": "-598802", "ebitda": "-599777", "netIncome": "-714395"}, {"fiscalDateEnding": "2007-03-31", "reportedCurrency": "USD", "grossProfit": "None", "totalRevenue": "None", "costOfRevenue": "None", "costofGoodsAndServicesSold": "None", "operatingIncome": "-12140", "sellingGeneralAndAdministrative": "None", "researchAndDevelopment": "None", "operatingExpenses": "12140", "investmentIncomeNet": "None", "netInterestIncome": "None", "interestIncome": "None", "interestExpense": "785", "nonInterestIncome": "None", "otherNonOperatingIncome": "None", "depreciation": "None", "depreciationAndAmortization": "None", "incomeBeforeTax": "-11355", "incomeTaxExpense": "-785", "interestAndDebtExpense": "None", "netIncomeFromContinuingOperations": "None", "comprehensiveIncomeNetOfTax": "None", "ebit": "None", "ebitda": "-12140", "netIncome": "-11355"}, {"fiscalDateEnding": "2006-12-31", "reportedCurrency": "USD", "grossProfit": "None", "totalRevenue": "None", "costOfRevenue": "None", "costofGoodsAndServicesSold": "None", "operatingIncome": "-9666", "sellingGeneralAndAdministrative": "None", "researchAndDevelopment": "None", "operatingExpenses": "9666", "investmentIncomeNet": "None", "netInterestIncome": "None", "interestIncome": "None", "interestExpense": "433", "nonInterestIncome": "None", "otherNonOperatingIncome": "None", "depreciation": "None", "depreciationAndAmortization": "None", "incomeBeforeTax": "-9233", "incomeTaxExpense": "-433", "interestAndDebtExpense": "None", "netIncomeFromContinuingOperations": "None", "comprehensiveIncomeNetOfTax": "None", "ebit": "None", "ebitda": "-9666", "netIncome": "-9233"}, {"fiscalDateEnding": "2006-09-30", "reportedCurrency": "USD", "grossProfit": "None", "totalRevenue": "10417", "costOfRevenue": "None", "costofGoodsAndServicesSold": "None", "operatingIncome": "-1372175", "sellingGeneralAndAdministrative": "None", "researchAndDevelopment": "None", "operatingExpenses": "1337", "investmentIncomeNet": "None", "netInterestIncome": "None", "interestIncome": "None", "interestExpense": "326", "nonInterestIncome": "None", "otherNonOperatingIncome": "None", "depreciation": "None", "depreciationAndAmortization": "None", "incomeBeforeTax": "-1428779", "incomeTaxExpense": "-326", "interestAndDebtExpense": "None", "netIncomeFromContinuingOperations": "None", "comprehensiveIncomeNetOfTax": "None", "ebit": "None", "ebitda": "-1372175", "netIncome": "-1428779"}, {"fiscalDateEnding": "2006-06-30", "reportedCurrency": "USD", "grossProfit": "None", "totalRevenue": "None", "costOfRevenue": "None", "costofGoodsAndServicesSold": "None", "operatingIncome": "-7562", "sellingGeneralAndAdministrative": "None", "researchAndDevelopment": "None", "operatingExpenses": "7562", "investmentIncomeNet": "None", "netInterestIncome": "None", "interestIncome": "None", "interestExpense": "337", "nonInterestIncome": "None", "otherNonOperatingIncome": "None", "depreciation": "None", "depreciationAndAmortization": "None", "incomeBeforeTax": "-7225", "incomeTaxExpense": "-337", "interestAndDebtExpense": "None", "netIncomeFromContinuingOperations": "None", "comprehensiveIncomeNetOfTax": "None", "ebit": "None", "ebitda": "-7562", "netIncome": "-7225"}, {"fiscalDateEnding": "2006-03-31", "reportedCurrency": "USD", "grossProfit": "None", "totalRevenue": "None", "costOfRevenue": "None", "costofGoodsAndServicesSold": "None", "operatingIncome": "-8260", "sellingGeneralAndAdministrative": "None", "researchAndDevelopment": "None", "operatingExpenses": "8260", "investmentIncomeNet": "None", "netInterestIncome": "None", "interestIncome": "None", "interestExpense": "329", "nonInterestIncome": "None", "otherNonOperatingIncome": "None", "depreciation": "None", "depreciationAndAmortization": "None", "incomeBeforeTax": "-7931", "incomeTaxExpense": "-329", "interestAndDebtExpense": "None", "netIncomeFromContinuingOperations": "None", "comprehensiveIncomeNetOfTax": "None", "ebit": "None", "ebitda": "-8260", "netIncome": "-7931"}, {"fiscalDateEnding": "2005-12-31", "reportedCurrency": "USD", "grossProfit": "None", "totalRevenue": "None", "costOfRevenue": "None", "costofGoodsAndServicesSold": "None", "operatingIncome": "2305", "sellingGeneralAndAdministrative": "None", "researchAndDevelopment": "None", "operatingExpenses": "-2305", "investmentIncomeNet": "None", "netInterestIncome": "None", "interestIncome": "None", "interestExpense": "325", "nonInterestIncome": "None", "otherNonOperatingIncome": "None", "depreciation": "None", "depreciationAndAmortization": "None", "incomeBeforeTax": "2630", "incomeTaxExpense": "9985", "interestAndDebtExpense": "None", "netIncomeFromContinuingOperations": "None", "comprehensiveIncomeNetOfTax": "None", "ebit": "None", "ebitda": "2305", "netIncome": "-7680"}, {"fiscalDateEnding": "2005-09-30", "reportedCurrency": "USD", "grossProfit": "None", "totalRevenue": "None", "costOfRevenue": "None", "costofGoodsAndServicesSold": "None", "operatingIncome": "-6646", "sellingGeneralAndAdministrative": "None", "researchAndDevelopment": "None", "operatingExpenses": "6646", "investmentIncomeNet": "None", "netInterestIncome": "None", "interestIncome": "None", "interestExpense": "326", "nonInterestIncome": "None", "otherNonOperatingIncome": "None", "depreciation": "None", "depreciationAndAmortization": "None", "incomeBeforeTax": "-6320", "incomeTaxExpense": "-326", "interestAndDebtExpense": "None", "netIncomeFromContinuingOperations": "None", "comprehensiveIncomeNetOfTax": "None", "ebit": "None", "ebitda": "-6646", "netIncome": "-6320"}, {"fiscalDateEnding": "2005-06-30", "reportedCurrency": "USD", "grossProfit": "None", "totalRevenue": "None", "costOfRevenue": "None", "costofGoodsAndServicesSold": "None", "operatingIncome": "-4107", "sellingGeneralAndAdministrative": "None", "researchAndDevelopment": "None", "operatingExpenses": "4107", "investmentIncomeNet": "None", "netInterestIncome": "None", "interestIncome": "None", "interestExpense": "308", "nonInterestIncome": "None", "otherNonOperatingIncome": "None", "depreciation": "None", "depreciationAndAmortization": "None", "incomeBeforeTax": "-3799", "incomeTaxExpense": "-308", "interestAndDebtExpense": "None", "netIncomeFromContinuingOperations": "None", "comprehensiveIncomeNetOfTax": "None", "ebit": "None", "ebitda": "-4107", "netIncome": "-3799"}, {"fiscalDateEnding": "2005-03-31", "reportedCurrency": "USD", "grossProfit": "-1825", "totalRevenue": "4675", "costOfRevenue": "6500", "costofGoodsAndServicesSold": "6500", "operatingIncome": "-7300", "sellingGeneralAndAdministrative": "None", "researchAndDevelopment": "None", "operatingExpenses": "10951", "investmentIncomeNet": "None", "netInterestIncome": "None", "interestIncome": "None", "interestExpense": "255", "nonInterestIncome": "None", "otherNonOperatingIncome": "None", "depreciation": "None", "depreciationAndAmortization": "-3650", "incomeBeforeTax": "-7045", "incomeTaxExpense": "-255", "interestAndDebtExpense": "None", "netIncomeFromContinuingOperations": "None", "comprehensiveIncomeNetOfTax": "None", "ebit": "-9126", "ebitda": "-7300", "netIncome": "-8870"}]}