{"symbol": "ABSI", "annualReports": [{"fiscalDateEnding": "2024-12-31", "reportedCurrency": "USD", "grossProfit": "-57925000", "totalRevenue": "4534000", "costOfRevenue": "62459000", "costofGoodsAndServicesSold": "62459000", "operatingIncome": "-108888000", "sellingGeneralAndAdministrative": "36174000", "researchAndDevelopment": "63859000", "operatingExpenses": "50963000", "investmentIncomeNet": "None", "netInterestIncome": "-565000", "interestIncome": "None", "interestExpense": "565000", "nonInterestIncome": "None", "otherNonOperatingIncome": "None", "depreciation": "None", "depreciationAndAmortization": "13389000", "incomeBeforeTax": "-103036000", "incomeTaxExpense": "70000", "interestAndDebtExpense": "None", "netIncomeFromContinuingOperations": "-103106000", "comprehensiveIncomeNetOfTax": "None", "ebit": "-107488000", "ebitda": "-94099000", "netIncome": "-103106000"}, {"fiscalDateEnding": "2023-12-31", "reportedCurrency": "USD", "grossProfit": "-41849000", "totalRevenue": "5718000", "costOfRevenue": "47567000", "costofGoodsAndServicesSold": "47567000", "operatingIncome": "-115515000", "sellingGeneralAndAdministrative": "36257000", "researchAndDevelopment": "48067000", "operatingExpenses": "73666000", "investmentIncomeNet": "None", "netInterestIncome": "-1093000", "interestIncome": "None", "interestExpense": "1010000", "nonInterestIncome": "None", "otherNonOperatingIncome": "None", "depreciation": "None", "depreciationAndAmortization": "13999000", "incomeBeforeTax": "-110466000", "incomeTaxExpense": "100000", "interestAndDebtExpense": "None", "netIncomeFromContinuingOperations": "-106492000", "comprehensiveIncomeNetOfTax": "None", "ebit": "-93680000", "ebitda": "-79681000", "netIncome": "-110566000"}, {"fiscalDateEnding": "2022-12-31", "reportedCurrency": "USD", "grossProfit": "-53161000", "totalRevenue": "5747000", "costOfRevenue": "58908000", "costofGoodsAndServicesSold": "58908000", "operatingIncome": "-106750000", "sellingGeneralAndAdministrative": "40552000", "researchAndDevelopment": "58908000", "operatingExpenses": "53589000", "investmentIncomeNet": "None", "netInterestIncome": "-972000", "interestIncome": "None", "interestExpense": "972000", "nonInterestIncome": "None", "otherNonOperatingIncome": "None", "depreciation": "None", "depreciationAndAmortization": "13037000", "incomeBeforeTax": "-105365000", "incomeTaxExpense": "-461000", "interestAndDebtExpense": "None", "netIncomeFromContinuingOperations": "-104904000", "comprehensiveIncomeNetOfTax": "None", "ebit": "-106750000", "ebitda": "-93713000", "netIncome": "-104904000"}, {"fiscalDateEnding": "2021-12-31", "reportedCurrency": "USD", "grossProfit": "-39804000", "totalRevenue": "4782000", "costOfRevenue": "44586000", "costofGoodsAndServicesSold": "44586000", "operatingIncome": "-75238000", "sellingGeneralAndAdministrative": "28780000", "researchAndDevelopment": "44586000", "operatingExpenses": "35434000", "investmentIncomeNet": "None", "netInterestIncome": "-3432000", "interestIncome": "None", "interestExpense": "3432000", "nonInterestIncome": "None", "otherNonOperatingIncome": "-31189000", "depreciation": "None", "depreciationAndAmortization": "6654000", "incomeBeforeTax": "-109859000", "incomeTaxExpense": "-8899000", "interestAndDebtExpense": "None", "netIncomeFromContinuingOperations": "-100960000", "comprehensiveIncomeNetOfTax": "None", "ebit": "-74338000", "ebitda": "-67684000", "netIncome": "-100960000"}, {"fiscalDateEnding": "2020-12-31", "reportedCurrency": "USD", "grossProfit": "-6668000", "totalRevenue": "4780000", "costOfRevenue": "11448000", "costofGoodsAndServicesSold": "11448000", "operatingIncome": "-13301000", "sellingGeneralAndAdministrative": "5502000", "researchAndDevelopment": "11448000", "operatingExpenses": "6633000", "investmentIncomeNet": "None", "netInterestIncome": "-634000", "interestIncome": "None", "interestExpense": "634000", "nonInterestIncome": "None", "otherNonOperatingIncome": "None", "depreciation": "None", "depreciationAndAmortization": "1131000", "incomeBeforeTax": "-14353000", "incomeTaxExpense": "216000", "interestAndDebtExpense": "None", "netIncomeFromContinuingOperations": "-14353000", "comprehensiveIncomeNetOfTax": "None", "ebit": "-13719000", "ebitda": "-12588000", "netIncome": "-14353000"}, {"fiscalDateEnding": "2019-12-31", "reportedCurrency": "USD", "grossProfit": "2060000", "totalRevenue": "2060000", "costOfRevenue": "4311000", "costofGoodsAndServicesSold": "4311000", "operatingIncome": "-6265000", "sellingGeneralAndAdministrative": "3523000", "researchAndDevelopment": "4311000", "operatingExpenses": "8325000", "investmentIncomeNet": "None", "netInterestIncome": "-268000", "interestIncome": "None", "interestExpense": "268000", "nonInterestIncome": "None", "otherNonOperatingIncome": "None", "depreciation": "None", "depreciationAndAmortization": "491000", "incomeBeforeTax": "-6584000", "incomeTaxExpense": "217000", "interestAndDebtExpense": "None", "netIncomeFromContinuingOperations": "-6584000", "comprehensiveIncomeNetOfTax": "None", "ebit": "-6316000", "ebitda": "-5825000", "netIncome": "-6584000"}], "quarterlyReports": [{"fiscalDateEnding": "2025-09-30", "reportedCurrency": "USD", "grossProfit": "378000", "totalRevenue": "378000", "costOfRevenue": "None", "costofGoodsAndServicesSold": "None", "operatingIncome": "-30154000", "sellingGeneralAndAdministrative": "8441000", "researchAndDevelopment": "19249000", "operatingExpenses": "30532000", "investmentIncomeNet": "None", "netInterestIncome": "-45000", "interestIncome": "None", "interestExpense": "45000", "nonInterestIncome": "None", "otherNonOperatingIncome": "None", "depreciation": "None", "depreciationAndAmortization": "2842000", "incomeBeforeTax": "-28602000", "incomeTaxExpense": "104000", "interestAndDebtExpense": "None", "netIncomeFromContinuingOperations": "-28706000", "comprehensiveIncomeNetOfTax": "None", "ebit": "-28557000", "ebitda": "-25715000", "netIncome": "-28706000"}, {"fiscalDateEnding": "2025-06-30", "reportedCurrency": "USD", "grossProfit": "-19865000", "totalRevenue": "593000", "costOfRevenue": "20458000", "costofGoodsAndServicesSold": "20458000", "operatingIncome": "-31393000", "sellingGeneralAndAdministrative": "8528000", "researchAndDevelopment": "20458000", "operatingExpenses": "11528000", "investmentIncomeNet": "None", "netInterestIncome": "-56000", "interestIncome": "None", "interestExpense": "56000", "nonInterestIncome": "None", "otherNonOperatingIncome": "None", "depreciation": "None", "depreciationAndAmortization": "3000000", "incomeBeforeTax": "-30438000", "incomeTaxExpense": "131000", "interestAndDebtExpense": "None", "netIncomeFromContinuingOperations": "-30569000", "comprehensiveIncomeNetOfTax": "None", "ebit": "-31393000", "ebitda": "-28393000", "netIncome": "-30569000"}, {"fiscalDateEnding": "2025-03-31", "reportedCurrency": "USD", "grossProfit": "-15185000", "totalRevenue": "1179000", "costOfRevenue": "16364000", "costofGoodsAndServicesSold": "16364000", "operatingIncome": "-27729000", "sellingGeneralAndAdministrative": "9472000", "researchAndDevelopment": "16364000", "operatingExpenses": "12544000", "investmentIncomeNet": "None", "netInterestIncome": "-79000", "interestIncome": "None", "interestExpense": "79000", "nonInterestIncome": "None", "otherNonOperatingIncome": "None", "depreciation": "None", "depreciationAndAmortization": "3072000", "incomeBeforeTax": "-26350000", "incomeTaxExpense": "-4000", "interestAndDebtExpense": "None", "netIncomeFromContinuingOperations": "-26346000", "comprehensiveIncomeNetOfTax": "None", "ebit": "-27729000", "ebitda": "-24657000", "netIncome": "-26346000"}, {"fiscalDateEnding": "2024-12-31", "reportedCurrency": "USD", "grossProfit": "-16312000", "totalRevenue": "665000", "costOfRevenue": "16977000", "costofGoodsAndServicesSold": "16977000", "operatingIncome": "-29774000", "sellingGeneralAndAdministrative": "8828000", "researchAndDevelopment": "18377000", "operatingExpenses": "13462000", "investmentIncomeNet": "None", "netInterestIncome": "-109000", "interestIncome": "None", "interestExpense": "109000", "nonInterestIncome": "None", "otherNonOperatingIncome": "None", "depreciation": "None", "depreciationAndAmortization": "3234000", "incomeBeforeTax": "-28962000", "incomeTaxExpense": "21000", "interestAndDebtExpense": "None", "netIncomeFromContinuingOperations": "-28983000", "comprehensiveIncomeNetOfTax": "None", "ebit": "-28374000", "ebitda": "-25140000", "netIncome": "-28983000"}, {"fiscalDateEnding": "2024-09-30", "reportedCurrency": "USD", "grossProfit": "-1654000", "totalRevenue": "1701000", "costOfRevenue": "3355000", "costofGoodsAndServicesSold": "3355000", "operatingIncome": "-28895000", "sellingGeneralAndAdministrative": "9256000", "researchAndDevelopment": "17985000", "operatingExpenses": "27241000", "investmentIncomeNet": "None", "netInterestIncome": "-130000", "interestIncome": "None", "interestExpense": "130000", "nonInterestIncome": "None", "otherNonOperatingIncome": "None", "depreciation": "None", "depreciationAndAmortization": "3355000", "incomeBeforeTax": "-27361000", "incomeTaxExpense": "37000", "interestAndDebtExpense": "None", "netIncomeFromContinuingOperations": "-27398000", "comprehensiveIncomeNetOfTax": "None", "ebit": "-27231000", "ebitda": "-23876000", "netIncome": "-27398000"}, {"fiscalDateEnding": "2024-06-30", "reportedCurrency": "USD", "grossProfit": "-13991000", "totalRevenue": "1270000", "costOfRevenue": "15261000", "costofGoodsAndServicesSold": "15261000", "operatingIncome": "-26721000", "sellingGeneralAndAdministrative": "9346000", "researchAndDevelopment": "15261000", "operatingExpenses": "12730000", "investmentIncomeNet": "None", "netInterestIncome": "-150000", "interestIncome": "None", "interestExpense": "150000", "nonInterestIncome": "None", "otherNonOperatingIncome": "None", "depreciation": "None", "depreciationAndAmortization": "3384000", "incomeBeforeTax": "-24750000", "incomeTaxExpense": "24750000", "interestAndDebtExpense": "None", "netIncomeFromContinuingOperations": "-24750000", "comprehensiveIncomeNetOfTax": "None", "ebit": "-26721000", "ebitda": "-23337000", "netIncome": "-24750000"}, {"fiscalDateEnding": "2024-03-31", "reportedCurrency": "USD", "grossProfit": "-11338000", "totalRevenue": "898000", "costOfRevenue": "12236000", "costofGoodsAndServicesSold": "12236000", "operatingIncome": "-23498000", "sellingGeneralAndAdministrative": "8744000", "researchAndDevelopment": "12236000", "operatingExpenses": "12160000", "investmentIncomeNet": "None", "netInterestIncome": "-176000", "interestIncome": "None", "interestExpense": "176000", "nonInterestIncome": "None", "otherNonOperatingIncome": "None", "depreciation": "None", "depreciationAndAmortization": "3416000", "incomeBeforeTax": "-21963000", "incomeTaxExpense": "12000", "interestAndDebtExpense": "None", "netIncomeFromContinuingOperations": "-21975000", "comprehensiveIncomeNetOfTax": "None", "ebit": "-23498000", "ebitda": "-20082000", "netIncome": "-21975000"}, {"fiscalDateEnding": "2023-12-31", "reportedCurrency": "USD", "grossProfit": "-11431000", "totalRevenue": "338000", "costOfRevenue": "11769000", "costofGoodsAndServicesSold": "11769000", "operatingIncome": "-24739000", "sellingGeneralAndAdministrative": "9324000", "researchAndDevelopment": "12269000", "operatingExpenses": "13308000", "investmentIncomeNet": "None", "netInterestIncome": "-204000", "interestIncome": "None", "interestExpense": "204000", "nonInterestIncome": "None", "otherNonOperatingIncome": "None", "depreciation": "None", "depreciationAndAmortization": "3484000", "incomeBeforeTax": "-23497000", "incomeTaxExpense": "48000", "interestAndDebtExpense": "None", "netIncomeFromContinuingOperations": "-23545000", "comprehensiveIncomeNetOfTax": "None", "ebit": "-24239000", "ebitda": "-20755000", "netIncome": "-23545000"}, {"fiscalDateEnding": "2023-09-30", "reportedCurrency": "USD", "grossProfit": "-10285000", "totalRevenue": "744000", "costOfRevenue": "11029000", "costofGoodsAndServicesSold": "11029000", "operatingIncome": "-23303000", "sellingGeneralAndAdministrative": "9505000", "researchAndDevelopment": "11029000", "operatingExpenses": "13018000", "investmentIncomeNet": "None", "netInterestIncome": "-229000", "interestIncome": "None", "interestExpense": "229000", "nonInterestIncome": "None", "otherNonOperatingIncome": "None", "depreciation": "None", "depreciationAndAmortization": "3513000", "incomeBeforeTax": "-21960000", "incomeTaxExpense": "34000", "interestAndDebtExpense": "None", "netIncomeFromContinuingOperations": "-21994000", "comprehensiveIncomeNetOfTax": "None", "ebit": "-23303000", "ebitda": "-19790000", "netIncome": "-21994000"}, {"fiscalDateEnding": "2023-06-30", "reportedCurrency": "USD", "grossProfit": "-8745000", "totalRevenue": "3367000", "costOfRevenue": "12112000", "costofGoodsAndServicesSold": "12112000", "operatingIncome": "-42988000", "sellingGeneralAndAdministrative": "9410000", "researchAndDevelopment": "12112000", "operatingExpenses": "34243000", "investmentIncomeNet": "None", "netInterestIncome": "-256000", "interestIncome": "None", "interestExpense": "256000", "nonInterestIncome": "None", "otherNonOperatingIncome": "1583000", "depreciation": "None", "depreciationAndAmortization": "3498000", "incomeBeforeTax": "-41661000", "incomeTaxExpense": "11000", "interestAndDebtExpense": "None", "netIncomeFromContinuingOperations": "-41672000", "comprehensiveIncomeNetOfTax": "None", "ebit": "-21653000", "ebitda": "-18155000", "netIncome": "-41672000"}, {"fiscalDateEnding": "2023-03-31", "reportedCurrency": "USD", "grossProfit": "-2235000", "totalRevenue": "1269000", "costOfRevenue": "3504000", "costofGoodsAndServicesSold": "3504000", "operatingIncome": "-24485000", "sellingGeneralAndAdministrative": "9593000", "researchAndDevelopment": "12657000", "operatingExpenses": "22250000", "investmentIncomeNet": "None", "netInterestIncome": "-321000", "interestIncome": "None", "interestExpense": "321000", "nonInterestIncome": "None", "otherNonOperatingIncome": "1458000", "depreciation": "None", "depreciationAndAmortization": "3504000", "incomeBeforeTax": "-23348000", "incomeTaxExpense": "7000", "interestAndDebtExpense": "None", "netIncomeFromContinuingOperations": "-23355000", "comprehensiveIncomeNetOfTax": "None", "ebit": "-23027000", "ebitda": "-19523000", "netIncome": "-23355000"}, {"fiscalDateEnding": "2022-12-31", "reportedCurrency": "USD", "grossProfit": "-2029000", "totalRevenue": "1557000", "costOfRevenue": "3586000", "costofGoodsAndServicesSold": "3586000", "operatingIncome": "-21093000", "sellingGeneralAndAdministrative": "7749000", "researchAndDevelopment": "11315000", "operatingExpenses": "19064000", "investmentIncomeNet": "None", "netInterestIncome": "-287000", "interestIncome": "None", "interestExpense": "287000", "nonInterestIncome": "None", "otherNonOperatingIncome": "None", "depreciation": "None", "depreciationAndAmortization": "3586000", "incomeBeforeTax": "-19971000", "incomeTaxExpense": "-500000", "interestAndDebtExpense": "None", "netIncomeFromContinuingOperations": "-19471000", "comprehensiveIncomeNetOfTax": "None", "ebit": "-19684000", "ebitda": "-16098000", "netIncome": "-19471000"}, {"fiscalDateEnding": "2022-09-30", "reportedCurrency": "USD", "grossProfit": "-1034999", "totalRevenue": "2369000", "costOfRevenue": "3404000", "costofGoodsAndServicesSold": "3404000", "operatingIncome": "-27967000", "sellingGeneralAndAdministrative": "11407000", "researchAndDevelopment": "15525000", "operatingExpenses": "26932000", "investmentIncomeNet": "None", "netInterestIncome": "-279000", "interestIncome": "None", "interestExpense": "279000", "nonInterestIncome": "None", "otherNonOperatingIncome": "675000", "depreciation": "None", "depreciationAndAmortization": "3404000", "incomeBeforeTax": "-27571000", "incomeTaxExpense": "-312000", "interestAndDebtExpense": "None", "netIncomeFromContinuingOperations": "-27259000", "comprehensiveIncomeNetOfTax": "None", "ebit": "-27292000", "ebitda": "-23888000", "netIncome": "-27259000"}, {"fiscalDateEnding": "2022-06-30", "reportedCurrency": "USD", "grossProfit": "-2139000", "totalRevenue": "1002000", "costOfRevenue": "3141000", "costofGoodsAndServicesSold": "3141000", "operatingIncome": "-28887000", "sellingGeneralAndAdministrative": "10507000", "researchAndDevelopment": "16241000", "operatingExpenses": "26748000", "investmentIncomeNet": "None", "netInterestIncome": "-211000", "interestIncome": "None", "interestExpense": "211000", "nonInterestIncome": "None", "otherNonOperatingIncome": "148000", "depreciation": "None", "depreciationAndAmortization": "3141000", "incomeBeforeTax": "-28950000", "incomeTaxExpense": "-270000", "interestAndDebtExpense": "None", "netIncomeFromContinuingOperations": "-28680000", "comprehensiveIncomeNetOfTax": "None", "ebit": "-28739000", "ebitda": "-25598000", "netIncome": "-28680000"}, {"fiscalDateEnding": "2022-03-31", "reportedCurrency": "USD", "grossProfit": "-14258000", "totalRevenue": "819000", "costOfRevenue": "15077000", "costofGoodsAndServicesSold": "15077000", "operatingIncome": "-28803000", "sellingGeneralAndAdministrative": "10889000", "researchAndDevelopment": "15827000", "operatingExpenses": "14545000", "investmentIncomeNet": "None", "netInterestIncome": "-195000", "interestIncome": "None", "interestExpense": "195000", "nonInterestIncome": "None", "otherNonOperatingIncome": "125000", "depreciation": "None", "depreciationAndAmortization": "2906000", "incomeBeforeTax": "-28873000", "incomeTaxExpense": "621000", "interestAndDebtExpense": "None", "netIncomeFromContinuingOperations": "-29494000", "comprehensiveIncomeNetOfTax": "None", "ebit": "-28053000", "ebitda": "-25147000", "netIncome": "-29494000"}, {"fiscalDateEnding": "2021-12-31", "reportedCurrency": "USD", "grossProfit": "-1307000", "totalRevenue": "1452000", "costOfRevenue": "2759000", "costofGoodsAndServicesSold": "2759000", "operatingIncome": "-26256000", "sellingGeneralAndAdministrative": "9183000", "researchAndDevelopment": "15766000", "operatingExpenses": "24949000", "investmentIncomeNet": "None", "netInterestIncome": "-200000", "interestIncome": "None", "interestExpense": "200000", "nonInterestIncome": "None", "otherNonOperatingIncome": "None", "depreciation": "None", "depreciationAndAmortization": "2759000", "incomeBeforeTax": "-26268000", "incomeTaxExpense": "-1102000", "interestAndDebtExpense": "None", "netIncomeFromContinuingOperations": "-25166000", "comprehensiveIncomeNetOfTax": "None", "ebit": "-26068000", "ebitda": "-23309000", "netIncome": "-25166000"}, {"fiscalDateEnding": "2021-09-30", "reportedCurrency": "USD", "grossProfit": "1539000", "totalRevenue": "1539000", "costOfRevenue": "10730000", "costofGoodsAndServicesSold": "10730000", "operatingIncome": "-21142000", "sellingGeneralAndAdministrative": "9733000", "researchAndDevelopment": "10730000", "operatingExpenses": "22681000", "investmentIncomeNet": "None", "netInterestIncome": "-768000", "interestIncome": "None", "interestExpense": "768000", "nonInterestIncome": "None", "otherNonOperatingIncome": "-3427000", "depreciation": "None", "depreciationAndAmortization": "2218000", "incomeBeforeTax": "-25337000", "incomeTaxExpense": "-1703000", "interestAndDebtExpense": "None", "netIncomeFromContinuingOperations": "-23634000", "comprehensiveIncomeNetOfTax": "None", "ebit": "-24569000", "ebitda": "-22351000", "netIncome": "-23634000"}, {"fiscalDateEnding": "2021-06-30", "reportedCurrency": "USD", "grossProfit": "-10312000", "totalRevenue": "728000", "costOfRevenue": "11040000", "costofGoodsAndServicesSold": "11040000", "operatingIncome": "-16692000", "sellingGeneralAndAdministrative": "5179000", "researchAndDevelopment": "11040000", "operatingExpenses": "6380000", "investmentIncomeNet": "None", "netInterestIncome": "-2009000", "interestIncome": "None", "interestExpense": "2009000", "nonInterestIncome": "None", "otherNonOperatingIncome": "-28114000", "depreciation": "None", "depreciationAndAmortization": "1201000", "incomeBeforeTax": "-46815000", "incomeTaxExpense": "-5617000", "interestAndDebtExpense": "None", "netIncomeFromContinuingOperations": "-41198000", "comprehensiveIncomeNetOfTax": "None", "ebit": "-16692000", "ebitda": "-15491000", "netIncome": "-41198000"}, {"fiscalDateEnding": "2021-03-31", "reportedCurrency": "USD", "grossProfit": "1063000", "totalRevenue": "1063000", "costOfRevenue": "7050000", "costofGoodsAndServicesSold": "7050000", "operatingIncome": "-11148000", "sellingGeneralAndAdministrative": "4685000", "researchAndDevelopment": "7050000", "operatingExpenses": "12211000", "investmentIncomeNet": "None", "netInterestIncome": "-455000", "interestIncome": "None", "interestExpense": "455000", "nonInterestIncome": "None", "otherNonOperatingIncome": "None", "depreciation": "None", "depreciationAndAmortization": "476000", "incomeBeforeTax": "-11439000", "incomeTaxExpense": "-477000", "interestAndDebtExpense": "None", "netIncomeFromContinuingOperations": "-10962000", "comprehensiveIncomeNetOfTax": "None", "ebit": "-10984000", "ebitda": "-10508000", "netIncome": "-10962000"}, {"fiscalDateEnding": "2020-12-31", "reportedCurrency": "USD", "grossProfit": "-1869000", "totalRevenue": "2728000", "costOfRevenue": "4597000", "costofGoodsAndServicesSold": "4597000", "operatingIncome": "-4633000", "sellingGeneralAndAdministrative": "2413000", "researchAndDevelopment": "4597000", "operatingExpenses": "2764000", "investmentIncomeNet": "None", "netInterestIncome": "-175000", "interestIncome": "None", "interestExpense": "175000", "nonInterestIncome": "None", "otherNonOperatingIncome": "None", "depreciation": "None", "depreciationAndAmortization": "351000", "incomeBeforeTax": "-4939000", "incomeTaxExpense": "44000", "interestAndDebtExpense": "None", "netIncomeFromContinuingOperations": "-4939000", "comprehensiveIncomeNetOfTax": "None", "ebit": "-4633000", "ebitda": "-4282000", "netIncome": "-4939000"}, {"fiscalDateEnding": "2020-09-30", "reportedCurrency": "USD", "grossProfit": "916000", "totalRevenue": "916000", "costOfRevenue": "2692000", "costofGoodsAndServicesSold": "2692000", "operatingIncome": "-3364000", "sellingGeneralAndAdministrative": "1257000", "researchAndDevelopment": "2692000", "operatingExpenses": "4280000", "investmentIncomeNet": "None", "netInterestIncome": "-172000", "interestIncome": "None", "interestExpense": "172000", "nonInterestIncome": "None", "otherNonOperatingIncome": "None", "depreciation": "None", "depreciationAndAmortization": "331000", "incomeBeforeTax": "-3748000", "incomeTaxExpense": "-40000", "interestAndDebtExpense": "None", "netIncomeFromContinuingOperations": "-3748000", "comprehensiveIncomeNetOfTax": "None", "ebit": "-3576000", "ebitda": "-3245000", "netIncome": "-3748000"}, {"fiscalDateEnding": "2020-06-30", "reportedCurrency": "USD", "grossProfit": "564000", "totalRevenue": "564000", "costOfRevenue": "2252000", "costofGoodsAndServicesSold": "2252000", "operatingIncome": "-2814000", "sellingGeneralAndAdministrative": "861000", "researchAndDevelopment": "2252000", "operatingExpenses": "3378000", "investmentIncomeNet": "None", "netInterestIncome": "-189000", "interestIncome": "None", "interestExpense": "189000", "nonInterestIncome": "None", "otherNonOperatingIncome": "None", "depreciation": "None", "depreciationAndAmortization": "265000", "incomeBeforeTax": "-3008000", "incomeTaxExpense": "184000", "interestAndDebtExpense": "None", "netIncomeFromContinuingOperations": "-3008000", "comprehensiveIncomeNetOfTax": "None", "ebit": "-2819000", "ebitda": "-2554000", "netIncome": "-3008000"}, {"fiscalDateEnding": "2020-03-31", "reportedCurrency": "USD", "grossProfit": "572000", "totalRevenue": "572000", "costOfRevenue": "1907000", "costofGoodsAndServicesSold": "1907000", "operatingIncome": "-2490000", "sellingGeneralAndAdministrative": "None", "researchAndDevelopment": "1907000", "operatingExpenses": "3062000", "investmentIncomeNet": "None", "netInterestIncome": "None", "interestIncome": "None", "interestExpense": "98000", "nonInterestIncome": "None", "otherNonOperatingIncome": "None", "depreciation": "None", "depreciationAndAmortization": "184000", "incomeBeforeTax": "-2658000", "incomeTaxExpense": "28000", "interestAndDebtExpense": "None", "netIncomeFromContinuingOperations": "None", "comprehensiveIncomeNetOfTax": "None", "ebit": "-2560000", "ebitda": "-2376000", "netIncome": "-2658000"}]}