{"symbol": "AFRIW", "annualReports": [{"fiscalDateEnding": "2024-12-31", "reportedCurrency": "USD", "grossProfit": "27332000", "totalRevenue": "274223000", "costOfRevenue": "246891000", "costofGoodsAndServicesSold": "246891000", "operatingIncome": "-7761000", "sellingGeneralAndAdministrative": "35093000", "researchAndDevelopment": "None", "operatingExpenses": "35093000", "investmentIncomeNet": "None", "netInterestIncome": "-12784000", "interestIncome": "31000", "interestExpense": "12815000", "nonInterestIncome": "None", "otherNonOperatingIncome": "None", "depreciation": "None", "depreciationAndAmortization": "6043000", "incomeBeforeTax": "-21682000", "incomeTaxExpense": "1651000", "interestAndDebtExpense": "None", "netIncomeFromContinuingOperations": "-23333000", "comprehensiveIncomeNetOfTax": "None", "ebit": "-8867000", "ebitda": "-2824000", "netIncome": "-24325000"}, {"fiscalDateEnding": "2023-12-31", "reportedCurrency": "USD", "grossProfit": "30425000", "totalRevenue": "305476000", "costOfRevenue": "275051000", "costofGoodsAndServicesSold": "275051000", "operatingIncome": "1133000", "sellingGeneralAndAdministrative": "29465000", "researchAndDevelopment": "None", "operatingExpenses": "29292000", "investmentIncomeNet": "None", "netInterestIncome": "-13979000", "interestIncome": "37000", "interestExpense": "14016000", "nonInterestIncome": "None", "otherNonOperatingIncome": "None", "depreciation": "None", "depreciationAndAmortization": "6082000", "incomeBeforeTax": "-12614000", "incomeTaxExpense": "-106000", "interestAndDebtExpense": "None", "netIncomeFromContinuingOperations": "-12508000", "comprehensiveIncomeNetOfTax": "None", "ebit": "1402000", "ebitda": "7484000", "netIncome": "-12676000"}, {"fiscalDateEnding": "2022-12-31", "reportedCurrency": "USD", "grossProfit": "29208000", "totalRevenue": "289772000", "costOfRevenue": "260399000", "costofGoodsAndServicesSold": "260399000", "operatingIncome": "2275000", "sellingGeneralAndAdministrative": "30795000", "researchAndDevelopment": "None", "operatingExpenses": "26933000", "investmentIncomeNet": "None", "netInterestIncome": "-12479000", "interestIncome": "34000", "interestExpense": "12513000", "nonInterestIncome": "None", "otherNonOperatingIncome": "None", "depreciation": "None", "depreciationAndAmortization": "6593000", "incomeBeforeTax": "-16957000", "incomeTaxExpense": "-1844000", "interestAndDebtExpense": "None", "netIncomeFromContinuingOperations": "-19170000", "comprehensiveIncomeNetOfTax": "None", "ebit": "-8715000", "ebitda": "-2122000", "netIncome": "-19170000"}, {"fiscalDateEnding": "2021-12-31", "reportedCurrency": "USD", "grossProfit": "42368000", "totalRevenue": "261679000", "costOfRevenue": "219311000", "costofGoodsAndServicesSold": "219311000", "operatingIncome": "3386000", "sellingGeneralAndAdministrative": "38982000", "researchAndDevelopment": "None", "operatingExpenses": "38982000", "investmentIncomeNet": "None", "netInterestIncome": "-9819000", "interestIncome": "543000", "interestExpense": "10362000", "nonInterestIncome": "None", "otherNonOperatingIncome": "None", "depreciation": "None", "depreciationAndAmortization": "5210000", "incomeBeforeTax": "-7873000", "incomeTaxExpense": "-89000", "interestAndDebtExpense": "None", "netIncomeFromContinuingOperations": "-7784000", "comprehensiveIncomeNetOfTax": "None", "ebit": "2489000", "ebitda": "7699000", "netIncome": "-7982000"}, {"fiscalDateEnding": "2020-12-31", "reportedCurrency": "USD", "grossProfit": "40408000", "totalRevenue": "196596000", "costOfRevenue": "156188000", "costofGoodsAndServicesSold": "156188000", "operatingIncome": "9891000", "sellingGeneralAndAdministrative": "30517000", "researchAndDevelopment": "None", "operatingExpenses": "30517000", "investmentIncomeNet": "None", "netInterestIncome": "-6844000", "interestIncome": "3000", "interestExpense": "6847000", "nonInterestIncome": "None", "otherNonOperatingIncome": "None", "depreciation": "None", "depreciationAndAmortization": "3788000", "incomeBeforeTax": "4000", "incomeTaxExpense": "143000", "interestAndDebtExpense": "None", "netIncomeFromContinuingOperations": "-139000", "comprehensiveIncomeNetOfTax": "None", "ebit": "9891000", "ebitda": "13679000", "netIncome": "-110000"}, {"fiscalDateEnding": "2019-12-31", "reportedCurrency": "USD", "grossProfit": "35711000", "totalRevenue": "183209000", "costOfRevenue": "147498000", "costofGoodsAndServicesSold": "147498000", "operatingIncome": "3978000", "sellingGeneralAndAdministrative": "31733000", "researchAndDevelopment": "None", "operatingExpenses": "31733000", "investmentIncomeNet": "None", "netInterestIncome": "-9427000", "interestIncome": "5000", "interestExpense": "9432000", "nonInterestIncome": "None", "otherNonOperatingIncome": "None", "depreciation": "None", "depreciationAndAmortization": "5045000", "incomeBeforeTax": "-5590000", "incomeTaxExpense": "2509000", "interestAndDebtExpense": "None", "netIncomeFromContinuingOperations": "-8099000", "comprehensiveIncomeNetOfTax": "None", "ebit": "3842000", "ebitda": "8887000", "netIncome": "-8099000"}], "quarterlyReports": [{"fiscalDateEnding": "2024-12-31", "reportedCurrency": "None", "grossProfit": "9359000", "totalRevenue": "82619000", "costOfRevenue": "73260000", "costofGoodsAndServicesSold": "73260000", "operatingIncome": "-1804500", "sellingGeneralAndAdministrative": "None", "researchAndDevelopment": "None", "operatingExpenses": "11163500", "investmentIncomeNet": "None", "netInterestIncome": "None", "interestIncome": "None", "interestExpense": "3479500", "nonInterestIncome": "None", "otherNonOperatingIncome": "None", "depreciation": "None", "depreciationAndAmortization": "1141500", "incomeBeforeTax": "-5175500", "incomeTaxExpense": "848000", "interestAndDebtExpense": "None", "netIncomeFromContinuingOperations": "None", "comprehensiveIncomeNetOfTax": "None", "ebit": "656000", "ebitda": "1797500", "netIncome": "-6378000"}, {"fiscalDateEnding": "2024-03-31", "reportedCurrency": "None", "grossProfit": "9359000", "totalRevenue": "82619000", "costOfRevenue": "73260000", "costofGoodsAndServicesSold": "73260000", "operatingIncome": "-1804500", "sellingGeneralAndAdministrative": "None", "researchAndDevelopment": "None", "operatingExpenses": "11163500", "investmentIncomeNet": "None", "netInterestIncome": "None", "interestIncome": "None", "interestExpense": "3479500", "nonInterestIncome": "None", "otherNonOperatingIncome": "None", "depreciation": "None", "depreciationAndAmortization": "1141500", "incomeBeforeTax": "-5175500", "incomeTaxExpense": "848000", "interestAndDebtExpense": "None", "netIncomeFromContinuingOperations": "None", "comprehensiveIncomeNetOfTax": "None", "ebit": "656000", "ebitda": "1797500", "netIncome": "-6378000"}, {"fiscalDateEnding": "2023-09-30", "reportedCurrency": "None", "grossProfit": "8475500", "totalRevenue": "79930000", "costOfRevenue": "71454500", "costofGoodsAndServicesSold": "71454500", "operatingIncome": "1255000", "sellingGeneralAndAdministrative": "None", "researchAndDevelopment": "None", "operatingExpenses": "7065000", "investmentIncomeNet": "None", "netInterestIncome": "None", "interestIncome": "None", "interestExpense": "None", "nonInterestIncome": "None", "otherNonOperatingIncome": "None", "depreciation": "None", "depreciationAndAmortization": "1473000", "incomeBeforeTax": "-2342000", "incomeTaxExpense": "376000", "interestAndDebtExpense": "None", "netIncomeFromContinuingOperations": "None", "comprehensiveIncomeNetOfTax": "None", "ebit": "1255000", "ebitda": "2728000", "netIncome": "-2027000"}, {"fiscalDateEnding": "2023-06-30", "reportedCurrency": "None", "grossProfit": "6823500", "totalRevenue": "72808000", "costOfRevenue": "65984500", "costofGoodsAndServicesSold": "65984500", "operatingIncome": "-688500", "sellingGeneralAndAdministrative": "None", "researchAndDevelopment": "None", "operatingExpenses": "7512000", "investmentIncomeNet": "None", "netInterestIncome": "None", "interestIncome": "None", "interestExpense": "None", "nonInterestIncome": "None", "otherNonOperatingIncome": "None", "depreciation": "None", "depreciationAndAmortization": "1038500", "incomeBeforeTax": "-3965000", "incomeTaxExpense": "323000", "interestAndDebtExpense": "None", "netIncomeFromContinuingOperations": "None", "comprehensiveIncomeNetOfTax": "None", "ebit": "-688500", "ebitda": "350000", "netIncome": "-4311000"}, {"fiscalDateEnding": "2023-03-31", "reportedCurrency": "None", "grossProfit": "6823500", "totalRevenue": "72808000", "costOfRevenue": "65984500", "costofGoodsAndServicesSold": "65984500", "operatingIncome": "-688500", "sellingGeneralAndAdministrative": "None", "researchAndDevelopment": "None", "operatingExpenses": "7551500", "investmentIncomeNet": "None", "netInterestIncome": "None", "interestIncome": "None", "interestExpense": "None", "nonInterestIncome": "None", "otherNonOperatingIncome": "None", "depreciation": "None", "depreciationAndAmortization": "1038500", "incomeBeforeTax": "-3965000", "incomeTaxExpense": "323000", "interestAndDebtExpense": "None", "netIncomeFromContinuingOperations": "None", "comprehensiveIncomeNetOfTax": "None", "ebit": "-688500", "ebitda": "350000", "netIncome": "-4311000"}, {"fiscalDateEnding": "2022-09-30", "reportedCurrency": "None", "grossProfit": "7131000", "totalRevenue": "67390000", "costOfRevenue": "60259000", "costofGoodsAndServicesSold": "60259000", "operatingIncome": "-918500", "sellingGeneralAndAdministrative": "None", "researchAndDevelopment": "None", "operatingExpenses": "10554000", "investmentIncomeNet": "None", "netInterestIncome": "None", "interestIncome": "None", "interestExpense": "None", "nonInterestIncome": "None", "otherNonOperatingIncome": "None", "depreciation": "None", "depreciationAndAmortization": "1448000", "incomeBeforeTax": "-7234000", "incomeTaxExpense": "1831500", "interestAndDebtExpense": "None", "netIncomeFromContinuingOperations": "None", "comprehensiveIncomeNetOfTax": "None", "ebit": "-918500", "ebitda": "529500", "netIncome": "-5441500"}, {"fiscalDateEnding": "2022-06-30", "reportedCurrency": "None", "grossProfit": "15672000", "totalRevenue": "154992000", "costOfRevenue": "139320000", "costofGoodsAndServicesSold": "139320000", "operatingIncome": "415000", "sellingGeneralAndAdministrative": "None", "researchAndDevelopment": "None", "operatingExpenses": "15257000", "investmentIncomeNet": "None", "netInterestIncome": "None", "interestIncome": "None", "interestExpense": "None", "nonInterestIncome": "None", "otherNonOperatingIncome": "None", "depreciation": "None", "depreciationAndAmortization": "2796000", "incomeBeforeTax": "-6760000", "incomeTaxExpense": "1605000", "interestAndDebtExpense": "None", "netIncomeFromContinuingOperations": "None", "comprehensiveIncomeNetOfTax": "None", "ebit": "-1903000", "ebitda": "893000", "netIncome": "-8245000"}, {"fiscalDateEnding": "2022-03-31", "reportedCurrency": "USD", "grossProfit": "9509000", "totalRevenue": "89071000", "costOfRevenue": "79562000", "costofGoodsAndServicesSold": "79562000", "operatingIncome": "609000", "sellingGeneralAndAdministrative": "8900000", "researchAndDevelopment": "None", "operatingExpenses": "8900000", "investmentIncomeNet": "None", "netInterestIncome": "-2580000", "interestIncome": "0", "interestExpense": "2580000", "nonInterestIncome": "None", "otherNonOperatingIncome": "None", "depreciation": "None", "depreciationAndAmortization": "1454000", "incomeBeforeTax": "-86171", "incomeTaxExpense": "970000", "interestAndDebtExpense": "None", "netIncomeFromContinuingOperations": "-3479000", "comprehensiveIncomeNetOfTax": "None", "ebit": "71000", "ebitda": "1525000", "netIncome": "-3479000"}, {"fiscalDateEnding": "2021-12-31", "reportedCurrency": "None", "grossProfit": "14053000", "totalRevenue": "76162000", "costOfRevenue": "62109000", "costofGoodsAndServicesSold": "62109000", "operatingIncome": "-1071080", "sellingGeneralAndAdministrative": "None", "researchAndDevelopment": "None", "operatingExpenses": "1071078", "investmentIncomeNet": "None", "netInterestIncome": "None", "interestIncome": "None", "interestExpense": "None", "nonInterestIncome": "None", "otherNonOperatingIncome": "None", "depreciation": "None", "depreciationAndAmortization": "1285000", "incomeBeforeTax": "-1068867", "incomeTaxExpense": "742000", "interestAndDebtExpense": "None", "netIncomeFromContinuingOperations": "None", "comprehensiveIncomeNetOfTax": "None", "ebit": "-514000", "ebitda": "771000", "netIncome": "-1068867"}, {"fiscalDateEnding": "2021-09-30", "reportedCurrency": "None", "grossProfit": "None", "totalRevenue": "None", "costOfRevenue": "None", "costofGoodsAndServicesSold": "None", "operatingIncome": "-892140", "sellingGeneralAndAdministrative": "None", "researchAndDevelopment": "None", "operatingExpenses": "892144", "investmentIncomeNet": "None", "netInterestIncome": "None", "interestIncome": "None", "interestExpense": "None", "nonInterestIncome": "None", "otherNonOperatingIncome": "None", "depreciation": "None", "depreciationAndAmortization": "None", "incomeBeforeTax": "-890359", "incomeTaxExpense": "None", "interestAndDebtExpense": "None", "netIncomeFromContinuingOperations": "None", "comprehensiveIncomeNetOfTax": "None", "ebit": "None", "ebitda": "-890359", "netIncome": "-890359"}, {"fiscalDateEnding": "2021-06-30", "reportedCurrency": "None", "grossProfit": "5235000", "totalRevenue": "60363000", "costOfRevenue": "55128000", "costofGoodsAndServicesSold": "55128000", "operatingIncome": "-349260", "sellingGeneralAndAdministrative": "None", "researchAndDevelopment": "None", "operatingExpenses": "349257", "investmentIncomeNet": "None", "netInterestIncome": "None", "interestIncome": "None", "interestExpense": "None", "nonInterestIncome": "None", "otherNonOperatingIncome": "None", "depreciation": "None", "depreciationAndAmortization": "892000", "incomeBeforeTax": "-347491", "incomeTaxExpense": "612000", "interestAndDebtExpense": "None", "netIncomeFromContinuingOperations": "None", "comprehensiveIncomeNetOfTax": "None", "ebit": "-347491", "ebitda": "544509", "netIncome": "-347491"}, {"fiscalDateEnding": "2021-03-31", "reportedCurrency": "None", "grossProfit": "10881000", "totalRevenue": "60622000", "costOfRevenue": "49741000", "costofGoodsAndServicesSold": "49741000", "operatingIncome": "-366040", "sellingGeneralAndAdministrative": "None", "researchAndDevelopment": "None", "operatingExpenses": "366035", "investmentIncomeNet": "None", "netInterestIncome": "None", "interestIncome": "None", "interestExpense": "None", "nonInterestIncome": "None", "otherNonOperatingIncome": "None", "depreciation": "None", "depreciationAndAmortization": "863000", "incomeBeforeTax": "-363959", "incomeTaxExpense": "610000", "interestAndDebtExpense": "None", "netIncomeFromContinuingOperations": "None", "comprehensiveIncomeNetOfTax": "None", "ebit": "-363959", "ebitda": "499041", "netIncome": "-363959"}, {"fiscalDateEnding": "2020-12-31", "reportedCurrency": "None", "grossProfit": "13600000", "totalRevenue": "50658000", "costOfRevenue": "37058000", "costofGoodsAndServicesSold": "37058000", "operatingIncome": "2818000", "sellingGeneralAndAdministrative": "None", "researchAndDevelopment": "None", "operatingExpenses": "12091000", "investmentIncomeNet": "None", "netInterestIncome": "None", "interestIncome": "None", "interestExpense": "None", "nonInterestIncome": "None", "otherNonOperatingIncome": "None", "depreciation": "None", "depreciationAndAmortization": "1017000", "incomeBeforeTax": "62000", "incomeTaxExpense": "1264000", "interestAndDebtExpense": "None", "netIncomeFromContinuingOperations": "None", "comprehensiveIncomeNetOfTax": "None", "ebit": "-88846", "ebitda": "928154", "netIncome": "1355000"}]}