{"symbol": "TT", "annualReports": [{"fiscalDateEnding": "2025-12-31", "reportedCurrency": "USD", "grossProfit": "7710200000", "totalRevenue": "21321900000", "costOfRevenue": "13611700000", "costofGoodsAndServicesSold": "13611700000", "operatingIncome": "3967400000", "sellingGeneralAndAdministrative": "3742800000", "researchAndDevelopment": "347600000", "operatingExpenses": "3742800000", "investmentIncomeNet": "None", "netInterestIncome": "-217700000", "interestIncome": "226700000", "interestExpense": "227500000", "nonInterestIncome": "None", "otherNonOperatingIncome": "None", "depreciation": "None", "depreciationAndAmortization": "263400000", "incomeBeforeTax": "3678600000", "incomeTaxExpense": "705900000", "interestAndDebtExpense": "None", "netIncomeFromContinuingOperations": "2972700000", "comprehensiveIncomeNetOfTax": "None", "ebit": "3906100000", "ebitda": "4169500000", "netIncome": "2918600000"}, {"fiscalDateEnding": "2024-12-31", "reportedCurrency": "USD", "grossProfit": "7080500000", "totalRevenue": "19838200000", "costOfRevenue": "12757700000", "costofGoodsAndServicesSold": "12757700000", "operatingIncome": "3500100000", "sellingGeneralAndAdministrative": "3580400000", "researchAndDevelopment": "None", "operatingExpenses": "3580400000", "investmentIncomeNet": "None", "netInterestIncome": "-202500000", "interestIncome": "35900000", "interestExpense": "238400000", "nonInterestIncome": "None", "otherNonOperatingIncome": "None", "depreciation": "None", "depreciationAndAmortization": "379400000", "incomeBeforeTax": "3241800000", "incomeTaxExpense": "627600000", "interestAndDebtExpense": "None", "netIncomeFromContinuingOperations": "2614200000", "comprehensiveIncomeNetOfTax": "None", "ebit": "3480200000", "ebitda": "3859600000", "netIncome": "2567900000"}, {"fiscalDateEnding": "2023-12-31", "reportedCurrency": "USD", "grossProfit": "5857200000", "totalRevenue": "17677600000", "costOfRevenue": "11820400000", "costofGoodsAndServicesSold": "11820400000", "operatingIncome": "2894000000", "sellingGeneralAndAdministrative": "2963200000", "researchAndDevelopment": "252300000", "operatingExpenses": "2963200000", "investmentIncomeNet": "None", "netInterestIncome": "-219100000", "interestIncome": "15400000", "interestExpense": "234500000", "nonInterestIncome": "None", "otherNonOperatingIncome": "None", "depreciation": "None", "depreciationAndAmortization": "343500000", "incomeBeforeTax": "2567300000", "incomeTaxExpense": "498400000", "interestAndDebtExpense": "None", "netIncomeFromContinuingOperations": "2068900000", "comprehensiveIncomeNetOfTax": "None", "ebit": "2806400000", "ebitda": "3149900000", "netIncome": "2023900000"}, {"fiscalDateEnding": "2022-12-31", "reportedCurrency": "USD", "grossProfit": "4964800000", "totalRevenue": "15991700000", "costOfRevenue": "11026900000", "costofGoodsAndServicesSold": "11026900000", "operatingIncome": "2418900000", "sellingGeneralAndAdministrative": "2545900000", "researchAndDevelopment": "211200000", "operatingExpenses": "2545900000", "investmentIncomeNet": "None", "netInterestIncome": "-223500000", "interestIncome": "223500000", "interestExpense": "223500000", "nonInterestIncome": "None", "otherNonOperatingIncome": "None", "depreciation": "None", "depreciationAndAmortization": "319200000", "incomeBeforeTax": "2172100000", "incomeTaxExpense": "375900000", "interestAndDebtExpense": "None", "netIncomeFromContinuingOperations": "1796200000", "comprehensiveIncomeNetOfTax": "None", "ebit": "2396300000", "ebitda": "2715500000", "netIncome": "1756500000"}, {"fiscalDateEnding": "2021-12-31", "reportedCurrency": "USD", "grossProfit": "4469600000", "totalRevenue": "14136400000", "costOfRevenue": "9666800000", "costofGoodsAndServicesSold": "9666800000", "operatingIncome": "2023300000", "sellingGeneralAndAdministrative": "2446300000", "researchAndDevelopment": "193500000", "operatingExpenses": "2446300000", "investmentIncomeNet": "None", "netInterestIncome": "-233700000", "interestIncome": "233700000", "interestExpense": "233700000", "nonInterestIncome": "None", "otherNonOperatingIncome": "None", "depreciation": "None", "depreciationAndAmortization": "294100000", "incomeBeforeTax": "1790700000", "incomeTaxExpense": "333500000", "interestAndDebtExpense": "None", "netIncomeFromContinuingOperations": "1457200000", "comprehensiveIncomeNetOfTax": "None", "ebit": "2025100000", "ebitda": "2319200000", "netIncome": "1423400000"}, {"fiscalDateEnding": "2020-12-31", "reportedCurrency": "USD", "grossProfit": "3803400000", "totalRevenue": "12454700000", "costOfRevenue": "8651300000", "costofGoodsAndServicesSold": "8651300000", "operatingIncome": "1532800000", "sellingGeneralAndAdministrative": "2270600000", "researchAndDevelopment": "165000000", "operatingExpenses": "2270600000", "investmentIncomeNet": "None", "netInterestIncome": "-248700000", "interestIncome": "268400000", "interestExpense": "248700000", "nonInterestIncome": "None", "otherNonOperatingIncome": "None", "depreciation": "None", "depreciationAndAmortization": "294300000", "incomeBeforeTax": "1288200000", "incomeTaxExpense": "296800000", "interestAndDebtExpense": "None", "netIncomeFromContinuingOperations": "991400000", "comprehensiveIncomeNetOfTax": "None", "ebit": "1537600000", "ebitda": "1831900000", "netIncome": "854900000"}, {"fiscalDateEnding": "2019-12-31", "reportedCurrency": "USD", "grossProfit": "4027700000", "totalRevenue": "13075900000", "costOfRevenue": "9085500000", "costofGoodsAndServicesSold": "9085500000", "operatingIncome": "1670100000", "sellingGeneralAndAdministrative": "6241400000", "researchAndDevelopment": "174200000", "operatingExpenses": "2357600000", "investmentIncomeNet": "None", "netInterestIncome": "-239900000", "interestIncome": "258600000", "interestExpense": "243000000", "nonInterestIncome": "None", "otherNonOperatingIncome": "None", "depreciation": "None", "depreciationAndAmortization": "288800000", "incomeBeforeTax": "1398900000", "incomeTaxExpense": "238600000", "interestAndDebtExpense": "None", "netIncomeFromContinuingOperations": "1387900000", "comprehensiveIncomeNetOfTax": "None", "ebit": "1642400000", "ebitda": "1931200000", "netIncome": "1410900000"}, {"fiscalDateEnding": "2018-12-31", "reportedCurrency": "USD", "grossProfit": "3761300000", "totalRevenue": "12343800000", "costOfRevenue": "8582500000", "costofGoodsAndServicesSold": "8582500000", "operatingIncome": "1512100000", "sellingGeneralAndAdministrative": "5785100000", "researchAndDevelopment": "166700000", "operatingExpenses": "2249200000", "investmentIncomeNet": "None", "netInterestIncome": "-214300000", "interestIncome": "261500000", "interestExpense": "221000000", "nonInterestIncome": "None", "otherNonOperatingIncome": "None", "depreciation": "None", "depreciationAndAmortization": "361500000", "incomeBeforeTax": "1257800000", "incomeTaxExpense": "234900000", "interestAndDebtExpense": "None", "netIncomeFromContinuingOperations": "1379000000", "comprehensiveIncomeNetOfTax": "None", "ebit": "1880900000", "ebitda": "2242400000", "netIncome": "1337600000"}, {"fiscalDateEnding": "2017-12-31", "reportedCurrency": "USD", "grossProfit": "4386000000", "totalRevenue": "14197600000", "costOfRevenue": "9811600000", "costofGoodsAndServicesSold": "9811600000", "operatingIncome": "1665300000", "sellingGeneralAndAdministrative": "5425800000", "researchAndDevelopment": "210800000", "operatingExpenses": "2705800000", "investmentIncomeNet": "None", "netInterestIncome": "-206400000", "interestIncome": "157200000", "interestExpense": "215800000", "nonInterestIncome": "None", "otherNonOperatingIncome": "None", "depreciation": "None", "depreciationAndAmortization": "349300000", "incomeBeforeTax": "1417900000", "incomeTaxExpense": "80200000", "interestAndDebtExpense": "None", "netIncomeFromContinuingOperations": "1337700000", "comprehensiveIncomeNetOfTax": "None", "ebit": "1633200000", "ebitda": "1982500000", "netIncome": "1302600000"}, {"fiscalDateEnding": "2016-12-31", "reportedCurrency": "USD", "grossProfit": "4201000000", "totalRevenue": "13508900000", "costOfRevenue": "9329300000", "costofGoodsAndServicesSold": "9329300000", "operatingIncome": "1603200000", "sellingGeneralAndAdministrative": "5178100000", "researchAndDevelopment": "207900000", "operatingExpenses": "2606500000", "investmentIncomeNet": "None", "netInterestIncome": "-213500000", "interestIncome": "142300000", "interestExpense": "221500000", "nonInterestIncome": "None", "otherNonOperatingIncome": "None", "depreciation": "None", "depreciationAndAmortization": "348700000", "incomeBeforeTax": "1741300000", "incomeTaxExpense": "281500000", "interestAndDebtExpense": "None", "netIncomeFromContinuingOperations": "1459800000", "comprehensiveIncomeNetOfTax": "None", "ebit": "1962300000", "ebitda": "2311000000", "netIncome": "1476200000"}, {"fiscalDateEnding": "2015-12-31", "reportedCurrency": "USD", "grossProfit": "3999100000", "totalRevenue": "13300700000", "costOfRevenue": "9301600000", "costofGoodsAndServicesSold": "9301600000", "operatingIncome": "1458000000", "sellingGeneralAndAdministrative": "5051000000", "researchAndDevelopment": "205900000", "operatingExpenses": "2541100000", "investmentIncomeNet": "None", "netInterestIncome": "None", "interestIncome": "223000000", "interestExpense": "223000000", "nonInterestIncome": "None", "otherNonOperatingIncome": "None", "depreciation": "None", "depreciationAndAmortization": "364100000", "incomeBeforeTax": "1247900000", "incomeTaxExpense": "540800000", "interestAndDebtExpense": "None", "netIncomeFromContinuingOperations": "None", "comprehensiveIncomeNetOfTax": "None", "ebit": "1470900000", "ebitda": "1835000000", "netIncome": "664600000"}, {"fiscalDateEnding": "2014-12-31", "reportedCurrency": "USD", "grossProfit": "3908600000", "totalRevenue": "12891400000", "costOfRevenue": "8982800000", "costofGoodsAndServicesSold": "8982800000", "operatingIncome": "1404700000", "sellingGeneralAndAdministrative": "5006900000", "researchAndDevelopment": "212300000", "operatingExpenses": "2503900000", "investmentIncomeNet": "None", "netInterestIncome": "None", "interestIncome": "None", "interestExpense": "225300000", "nonInterestIncome": "None", "otherNonOperatingIncome": "None", "depreciation": "None", "depreciationAndAmortization": "332400000", "incomeBeforeTax": "1209400000", "incomeTaxExpense": "293700000", "interestAndDebtExpense": "None", "netIncomeFromContinuingOperations": "None", "comprehensiveIncomeNetOfTax": "None", "ebit": "1424600000", "ebitda": "1757000000", "netIncome": "931700000"}, {"fiscalDateEnding": "2013-12-31", "reportedCurrency": "USD", "grossProfit": "3628200000", "totalRevenue": "12350500000", "costOfRevenue": "8675500000", "costofGoodsAndServicesSold": "8675500000", "operatingIncome": "1105000000", "sellingGeneralAndAdministrative": "5140000000", "researchAndDevelopment": "218200000", "operatingExpenses": "2523200000", "investmentIncomeNet": "None", "netInterestIncome": "None", "interestIncome": "None", "interestExpense": "278800000", "nonInterestIncome": "None", "otherNonOperatingIncome": "None", "depreciation": "None", "depreciationAndAmortization": "333700000", "incomeBeforeTax": "829600000", "incomeTaxExpense": "189000000", "interestAndDebtExpense": "None", "netIncomeFromContinuingOperations": "None", "comprehensiveIncomeNetOfTax": "None", "ebit": "1108600000", "ebitda": "1442300000", "netIncome": "618800000"}, {"fiscalDateEnding": "2012-12-31", "reportedCurrency": "USD", "grossProfit": "3454800000", "totalRevenue": "11988300000", "costOfRevenue": "8533500000", "costofGoodsAndServicesSold": "8533500000", "operatingIncome": "1095200000", "sellingGeneralAndAdministrative": "5552000000", "researchAndDevelopment": "235400000", "operatingExpenses": "2382900000", "investmentIncomeNet": "None", "netInterestIncome": "None", "interestIncome": "None", "interestExpense": "250500000", "nonInterestIncome": "None", "otherNonOperatingIncome": "None", "depreciation": "None", "depreciationAndAmortization": "333800000", "incomeBeforeTax": "848000000", "incomeTaxExpense": "56000000", "interestAndDebtExpense": "None", "netIncomeFromContinuingOperations": "None", "comprehensiveIncomeNetOfTax": "None", "ebit": "1100000000", "ebitda": "1433800000", "netIncome": "1006200000"}, {"fiscalDateEnding": "2011-12-31", "reportedCurrency": "USD", "grossProfit": "4288400000", "totalRevenue": "14782000000", "costOfRevenue": "10493600000", "costofGoodsAndServicesSold": "10493600000", "operatingIncome": "1519200000", "sellingGeneralAndAdministrative": "5562200000", "researchAndDevelopment": "257300000", "operatingExpenses": "2781200000", "investmentIncomeNet": "None", "netInterestIncome": "None", "interestIncome": "None", "interestExpense": "277100000", "nonInterestIncome": "None", "otherNonOperatingIncome": "None", "depreciation": "None", "depreciationAndAmortization": "402700000", "incomeBeforeTax": "613300000", "incomeTaxExpense": "187200000", "interestAndDebtExpense": "None", "netIncomeFromContinuingOperations": "None", "comprehensiveIncomeNetOfTax": "None", "ebit": "893900000", "ebitda": "1296600000", "netIncome": "426100000"}, {"fiscalDateEnding": "2010-12-31", "reportedCurrency": "USD", "grossProfit": "3941200000", "totalRevenue": "14079100000", "costOfRevenue": "10158500000", "costofGoodsAndServicesSold": "10158500000", "operatingIncome": "1292800000", "sellingGeneralAndAdministrative": "5346100000", "researchAndDevelopment": "244000000", "operatingExpenses": "2673100000", "investmentIncomeNet": "None", "netInterestIncome": "None", "interestIncome": "None", "interestExpense": "283200000", "nonInterestIncome": "None", "otherNonOperatingIncome": "None", "depreciation": "None", "depreciationAndAmortization": "437100000", "incomeBeforeTax": "1006600000", "incomeTaxExpense": "228100000", "interestAndDebtExpense": "None", "netIncomeFromContinuingOperations": "None", "comprehensiveIncomeNetOfTax": "None", "ebit": "1278300000", "ebitda": "1715400000", "netIncome": "642200000"}, {"fiscalDateEnding": "2009-12-31", "reportedCurrency": "USD", "grossProfit": "3550200000", "totalRevenue": "13195300000", "costOfRevenue": "9645100000", "costofGoodsAndServicesSold": "9645100000", "operatingIncome": "841600000", "sellingGeneralAndAdministrative": "None", "researchAndDevelopment": "None", "operatingExpenses": "2708600000", "investmentIncomeNet": "None", "netInterestIncome": "None", "interestIncome": "None", "interestExpense": "302200000", "nonInterestIncome": "None", "otherNonOperatingIncome": "None", "depreciation": "None", "depreciationAndAmortization": "424900000", "incomeBeforeTax": "559100000", "incomeTaxExpense": "71300000", "interestAndDebtExpense": "None", "netIncomeFromContinuingOperations": "None", "comprehensiveIncomeNetOfTax": "None", "ebit": "853200000", "ebitda": "1278100000", "netIncome": "451300000"}, {"fiscalDateEnding": "2008-12-31", "reportedCurrency": "USD", "grossProfit": "3667600000", "totalRevenue": "13227400000", "costOfRevenue": "9559800000", "costofGoodsAndServicesSold": "9559800000", "operatingIncome": "1227100000", "sellingGeneralAndAdministrative": "None", "researchAndDevelopment": "None", "operatingExpenses": "2440500000", "investmentIncomeNet": "None", "netInterestIncome": "None", "interestIncome": "None", "interestExpense": "245400000", "nonInterestIncome": "None", "otherNonOperatingIncome": "None", "depreciation": "None", "depreciationAndAmortization": "453100000", "incomeBeforeTax": "-2756000000", "incomeTaxExpense": "-208600000", "interestAndDebtExpense": "None", "netIncomeFromContinuingOperations": "None", "comprehensiveIncomeNetOfTax": "None", "ebit": "-2514000000", "ebitda": "-2060900000", "netIncome": "-2624800000"}, {"fiscalDateEnding": "2007-12-31", "reportedCurrency": "USD", "grossProfit": "2491100000", "totalRevenue": "8763100000", "costOfRevenue": "6272000000", "costofGoodsAndServicesSold": "6272000000", "operatingIncome": "1057800000", "sellingGeneralAndAdministrative": "None", "researchAndDevelopment": "None", "operatingExpenses": "1433300000", "investmentIncomeNet": "None", "netInterestIncome": "None", "interestIncome": "None", "interestExpense": "0", "nonInterestIncome": "None", "otherNonOperatingIncome": "None", "depreciation": "None", "depreciationAndAmortization": "138800000", "incomeBeforeTax": "937500000", "incomeTaxExpense": "204400000", "interestAndDebtExpense": "None", "netIncomeFromContinuingOperations": "None", "comprehensiveIncomeNetOfTax": "None", "ebit": "1057800000", "ebitda": "1196600000", "netIncome": "3966700000"}, {"fiscalDateEnding": "2006-12-31", "reportedCurrency": "USD", "grossProfit": "2985100000", "totalRevenue": "11409300000", "costOfRevenue": "8424200000", "costofGoodsAndServicesSold": "8424200000", "operatingIncome": "1440800000", "sellingGeneralAndAdministrative": "None", "researchAndDevelopment": "None", "operatingExpenses": "1544300000", "investmentIncomeNet": "None", "netInterestIncome": "None", "interestIncome": "None", "interestExpense": "0", "nonInterestIncome": "None", "otherNonOperatingIncome": "None", "depreciation": "None", "depreciationAndAmortization": "190700000", "incomeBeforeTax": "1314900000", "incomeTaxExpense": "231700000", "interestAndDebtExpense": "None", "netIncomeFromContinuingOperations": "None", "comprehensiveIncomeNetOfTax": "None", "ebit": "1446700000", "ebitda": "1637400000", "netIncome": "1032500000"}], "quarterlyReports": [{"fiscalDateEnding": "2025-12-31", "reportedCurrency": "USD", "grossProfit": "1753900000", "totalRevenue": "5144500000", "costOfRevenue": "3390600000", "costofGoodsAndServicesSold": "3390600000", "operatingIncome": "819000000", "sellingGeneralAndAdministrative": "934900000", "researchAndDevelopment": "None", "operatingExpenses": "934900000", "investmentIncomeNet": "None", "netInterestIncome": "-50300000", "interestIncome": "55600000", "interestExpense": "55600000", "nonInterestIncome": "None", "otherNonOperatingIncome": "None", "depreciation": "None", "depreciationAndAmortization": "90799999", "incomeBeforeTax": "741300000", "incomeTaxExpense": "122800000", "interestAndDebtExpense": "None", "netIncomeFromContinuingOperations": "618500000", "comprehensiveIncomeNetOfTax": "None", "ebit": "796900000", "ebitda": "887699999", "netIncome": "591300000"}, {"fiscalDateEnding": "2025-09-30", "reportedCurrency": "USD", "grossProfit": "2118200000", "totalRevenue": "5742500000", "costOfRevenue": "3624300000", "costofGoodsAndServicesSold": "3624300000", "operatingIncome": "1165300000", "sellingGeneralAndAdministrative": "952900000", "researchAndDevelopment": "None", "operatingExpenses": "952900000", "investmentIncomeNet": "None", "netInterestIncome": "-54400000", "interestIncome": "1200000", "interestExpense": "55600000", "nonInterestIncome": "None", "otherNonOperatingIncome": "None", "depreciation": "None", "depreciationAndAmortization": "88300000", "incomeBeforeTax": "1091700000", "incomeTaxExpense": "231500000", "interestAndDebtExpense": "None", "netIncomeFromContinuingOperations": "860200000", "comprehensiveIncomeNetOfTax": "None", "ebit": "1147300000", "ebitda": "1235600000", "netIncome": "847600000"}, {"fiscalDateEnding": "2025-06-30", "reportedCurrency": "USD", "grossProfit": "2160600000", "totalRevenue": "5746400000", "costOfRevenue": "3585800000", "costofGoodsAndServicesSold": "3585800000", "operatingIncome": "1164200000", "sellingGeneralAndAdministrative": "996400000", "researchAndDevelopment": "None", "operatingExpenses": "996400000", "investmentIncomeNet": "None", "netInterestIncome": "-58200000", "interestIncome": "57400000", "interestExpense": "58200000", "nonInterestIncome": "None", "otherNonOperatingIncome": "None", "depreciation": "None", "depreciationAndAmortization": "98100000", "incomeBeforeTax": "1092700000", "incomeTaxExpense": "216700000", "interestAndDebtExpense": "None", "netIncomeFromContinuingOperations": "876000000", "comprehensiveIncomeNetOfTax": "None", "ebit": "1150900000", "ebitda": "1249000000", "netIncome": "874800000"}, {"fiscalDateEnding": "2025-03-31", "reportedCurrency": "USD", "grossProfit": "1677500000", "totalRevenue": "4688500000", "costOfRevenue": "3011000000", "costofGoodsAndServicesSold": "3011000000", "operatingIncome": "818900000", "sellingGeneralAndAdministrative": "858600000", "researchAndDevelopment": "None", "operatingExpenses": "858600000", "investmentIncomeNet": "None", "netInterestIncome": "-54800000", "interestIncome": "3300000", "interestExpense": "58100000", "nonInterestIncome": "None", "otherNonOperatingIncome": "None", "depreciation": "None", "depreciationAndAmortization": "99100000", "incomeBeforeTax": "752900000", "incomeTaxExpense": "134900000", "interestAndDebtExpense": "None", "netIncomeFromContinuingOperations": "618000000", "comprehensiveIncomeNetOfTax": "None", "ebit": "811000000", "ebitda": "910100000", "netIncome": "604900000"}, {"fiscalDateEnding": "2024-12-31", "reportedCurrency": "USD", "grossProfit": "1710800000", "totalRevenue": "4874000000", "costOfRevenue": "3163200000", "costofGoodsAndServicesSold": "3163200000", "operatingIncome": "807600000", "sellingGeneralAndAdministrative": "903200000", "researchAndDevelopment": "None", "operatingExpenses": "903200000", "investmentIncomeNet": "None", "netInterestIncome": "-48400000", "interestIncome": "11500000", "interestExpense": "59900000", "nonInterestIncome": "None", "otherNonOperatingIncome": "None", "depreciation": "None", "depreciationAndAmortization": "96700000", "incomeBeforeTax": "750600000", "incomeTaxExpense": "135300000", "interestAndDebtExpense": "None", "netIncomeFromContinuingOperations": "615300000", "comprehensiveIncomeNetOfTax": "None", "ebit": "810500000", "ebitda": "907200000", "netIncome": "604300000"}, {"fiscalDateEnding": "2024-09-30", "reportedCurrency": "USD", "grossProfit": "1974400000", "totalRevenue": "5441200000", "costOfRevenue": "3466800000", "costofGoodsAndServicesSold": "3466800000", "operatingIncome": "1024600000", "sellingGeneralAndAdministrative": "949800000", "researchAndDevelopment": "None", "operatingExpenses": "949800000", "investmentIncomeNet": "None", "netInterestIncome": "-47700000", "interestIncome": "15300000", "interestExpense": "63000000", "nonInterestIncome": "None", "otherNonOperatingIncome": "None", "depreciation": "None", "depreciationAndAmortization": "95000000", "incomeBeforeTax": "967900000", "incomeTaxExpense": "181100000", "interestAndDebtExpense": "None", "netIncomeFromContinuingOperations": "786800000", "comprehensiveIncomeNetOfTax": "None", "ebit": "1030900000", "ebitda": "1125900000", "netIncome": "772000000"}, {"fiscalDateEnding": "2024-06-30", "reportedCurrency": "USD", "grossProfit": "1935500000", "totalRevenue": "5307400000", "costOfRevenue": "3371900000", "costofGoodsAndServicesSold": "3371900000", "operatingIncome": "1034200000", "sellingGeneralAndAdministrative": "904000000", "researchAndDevelopment": "None", "operatingExpenses": "901300000", "investmentIncomeNet": "None", "netInterestIncome": "-52100000", "interestIncome": "5400000", "interestExpense": "57500000", "nonInterestIncome": "None", "otherNonOperatingIncome": "None", "depreciation": "None", "depreciationAndAmortization": "96200000", "incomeBeforeTax": "972600000", "incomeTaxExpense": "205800000", "interestAndDebtExpense": "None", "netIncomeFromContinuingOperations": "766800000", "comprehensiveIncomeNetOfTax": "None", "ebit": "1022600000", "ebitda": "1118800000", "netIncome": "755300000"}, {"fiscalDateEnding": "2024-03-31", "reportedCurrency": "USD", "grossProfit": "1459900000", "totalRevenue": "4215500000", "costOfRevenue": "2755600000", "costofGoodsAndServicesSold": "2755600000", "operatingIncome": "633800000", "sellingGeneralAndAdministrative": "828800000", "researchAndDevelopment": "None", "operatingExpenses": "826100000", "investmentIncomeNet": "None", "netInterestIncome": "-54400000", "interestIncome": "3700000", "interestExpense": "58100000", "nonInterestIncome": "None", "otherNonOperatingIncome": "None", "depreciation": "None", "depreciationAndAmortization": "91500000", "incomeBeforeTax": "550700000", "incomeTaxExpense": "105500000", "interestAndDebtExpense": "None", "netIncomeFromContinuingOperations": "445200000", "comprehensiveIncomeNetOfTax": "None", "ebit": "608800000", "ebitda": "700300000", "netIncome": "436300000"}, {"fiscalDateEnding": "2023-12-31", "reportedCurrency": "USD", "grossProfit": "1471300000", "totalRevenue": "4424100000", "costOfRevenue": "2952800000", "costofGoodsAndServicesSold": "2952800000", "operatingIncome": "687600000", "sellingGeneralAndAdministrative": "783700000", "researchAndDevelopment": "252300000", "operatingExpenses": "783700000", "investmentIncomeNet": "None", "netInterestIncome": "-53100000", "interestIncome": "4300000", "interestExpense": "57400000", "nonInterestIncome": "None", "otherNonOperatingIncome": "None", "depreciation": "None", "depreciationAndAmortization": "87900000", "incomeBeforeTax": "614800000", "incomeTaxExpense": "98200000", "interestAndDebtExpense": "None", "netIncomeFromContinuingOperations": "516600000", "comprehensiveIncomeNetOfTax": "None", "ebit": "672100000", "ebitda": "760000000", "netIncome": "504300000"}, {"fiscalDateEnding": "2023-09-30", "reportedCurrency": "USD", "grossProfit": "1658100000", "totalRevenue": "4882900000", "costOfRevenue": "3224800000", "costofGoodsAndServicesSold": "3224800000", "operatingIncome": "864200000", "sellingGeneralAndAdministrative": "793900000", "researchAndDevelopment": "None", "operatingExpenses": "793900000", "investmentIncomeNet": "None", "netInterestIncome": "-57900000", "interestIncome": "60100000", "interestExpense": "57900000", "nonInterestIncome": "None", "otherNonOperatingIncome": "None", "depreciation": "None", "depreciationAndAmortization": "92000000", "incomeBeforeTax": "796300000", "incomeTaxExpense": "157500000", "interestAndDebtExpense": "None", "netIncomeFromContinuingOperations": "638800000", "comprehensiveIncomeNetOfTax": "None", "ebit": "854200000", "ebitda": "946200000", "netIncome": "626300000"}, {"fiscalDateEnding": "2023-06-30", "reportedCurrency": "USD", "grossProfit": "1584400000", "totalRevenue": "4704700000", "costOfRevenue": "3120300000", "costofGoodsAndServicesSold": "3120300000", "operatingIncome": "885400000", "sellingGeneralAndAdministrative": "699000000", "researchAndDevelopment": "None", "operatingExpenses": "699000000", "investmentIncomeNet": "None", "netInterestIncome": "-61600000", "interestIncome": "58500000", "interestExpense": "61600000", "nonInterestIncome": "None", "otherNonOperatingIncome": "None", "depreciation": "None", "depreciationAndAmortization": "88400000", "incomeBeforeTax": "766400000", "incomeTaxExpense": "169600000", "interestAndDebtExpense": "None", "netIncomeFromContinuingOperations": "596800000", "comprehensiveIncomeNetOfTax": "None", "ebit": "828000000", "ebitda": "916400000", "netIncome": "586200000"}, {"fiscalDateEnding": "2023-03-31", "reportedCurrency": "USD", "grossProfit": "1143500000", "totalRevenue": "3665800000", "costOfRevenue": "2522300000", "costofGoodsAndServicesSold": "2522300000", "operatingIncome": "456800000", "sellingGeneralAndAdministrative": "692300000", "researchAndDevelopment": "None", "operatingExpenses": "686700000", "investmentIncomeNet": "None", "netInterestIncome": "-57600000", "interestIncome": "59800000", "interestExpense": "57600000", "nonInterestIncome": "None", "otherNonOperatingIncome": "None", "depreciation": "None", "depreciationAndAmortization": "79800000", "incomeBeforeTax": "389800000", "incomeTaxExpense": "73200000", "interestAndDebtExpense": "None", "netIncomeFromContinuingOperations": "316600000", "comprehensiveIncomeNetOfTax": "None", "ebit": "447400000", "ebitda": "527200000", "netIncome": "307100000"}, {"fiscalDateEnding": "2022-12-31", "reportedCurrency": "USD", "grossProfit": "1219500000", "totalRevenue": "4073900000", "costOfRevenue": "2854400000", "costofGoodsAndServicesSold": "2854400000", "operatingIncome": "580600000", "sellingGeneralAndAdministrative": "638900000", "researchAndDevelopment": "211200000", "operatingExpenses": "638900000", "investmentIncomeNet": "None", "netInterestIncome": "-55900000", "interestIncome": "55900000", "interestExpense": "55900000", "nonInterestIncome": "None", "otherNonOperatingIncome": "None", "depreciation": "None", "depreciationAndAmortization": "82000000", "incomeBeforeTax": "522400000", "incomeTaxExpense": "73400000", "interestAndDebtExpense": "None", "netIncomeFromContinuingOperations": "449000000", "comprehensiveIncomeNetOfTax": "None", "ebit": "578500000", "ebitda": "660500000", "netIncome": "439100000"}, {"fiscalDateEnding": "2022-09-30", "reportedCurrency": "USD", "grossProfit": "1432800000", "totalRevenue": "4371900000", "costOfRevenue": "2939100000", "costofGoodsAndServicesSold": "2939100000", "operatingIncome": "739500000", "sellingGeneralAndAdministrative": "693300000", "researchAndDevelopment": "None", "operatingExpenses": "693300000", "investmentIncomeNet": "None", "netInterestIncome": "-53400000", "interestIncome": "55800000", "interestExpense": "55800000", "nonInterestIncome": "None", "otherNonOperatingIncome": "None", "depreciation": "None", "depreciationAndAmortization": "84000000", "incomeBeforeTax": "665000000", "incomeTaxExpense": "104700000", "interestAndDebtExpense": "None", "netIncomeFromContinuingOperations": "560300000", "comprehensiveIncomeNetOfTax": "None", "ebit": "721000000", "ebitda": "805000000", "netIncome": "547900000"}, {"fiscalDateEnding": "2022-06-30", "reportedCurrency": "USD", "grossProfit": "1323400000", "totalRevenue": "4190400000", "costOfRevenue": "2867000000", "costofGoodsAndServicesSold": "2867000000", "operatingIncome": "710600000", "sellingGeneralAndAdministrative": "612800000", "researchAndDevelopment": "None", "operatingExpenses": "612800000", "investmentIncomeNet": "None", "netInterestIncome": "-55900000", "interestIncome": "1500000", "interestExpense": "55900000", "nonInterestIncome": "None", "otherNonOperatingIncome": "None", "depreciation": "None", "depreciationAndAmortization": "79800000", "incomeBeforeTax": "653100000", "incomeTaxExpense": "136600000", "interestAndDebtExpense": "None", "netIncomeFromContinuingOperations": "516500000", "comprehensiveIncomeNetOfTax": "None", "ebit": "709000000", "ebitda": "788800000", "netIncome": "509300000"}, {"fiscalDateEnding": "2022-03-31", "reportedCurrency": "USD", "grossProfit": "989000000", "totalRevenue": "3355500000", "costOfRevenue": "2366500000", "costofGoodsAndServicesSold": "2366500000", "operatingIncome": "388200000", "sellingGeneralAndAdministrative": "600800000", "researchAndDevelopment": "None", "operatingExpenses": "600800000", "investmentIncomeNet": "None", "netInterestIncome": "-54700000", "interestIncome": "1300000", "interestExpense": "56000000", "nonInterestIncome": "None", "otherNonOperatingIncome": "None", "depreciation": "None", "depreciationAndAmortization": "77300000", "incomeBeforeTax": "331500000", "incomeTaxExpense": "61100000", "interestAndDebtExpense": "None", "netIncomeFromContinuingOperations": "270400000", "comprehensiveIncomeNetOfTax": "None", "ebit": "387500000", "ebitda": "464800000", "netIncome": "260200000"}, {"fiscalDateEnding": "2021-12-31", "reportedCurrency": "USD", "grossProfit": "1041500000", "totalRevenue": "3569300000", "costOfRevenue": "2527800000", "costofGoodsAndServicesSold": "2527800000", "operatingIncome": "435700000", "sellingGeneralAndAdministrative": "605800000", "researchAndDevelopment": "193500000", "operatingExpenses": "605800000", "investmentIncomeNet": "None", "netInterestIncome": "-56000000", "interestIncome": "56000000", "interestExpense": "56000000", "nonInterestIncome": "None", "otherNonOperatingIncome": "None", "depreciation": "None", "depreciationAndAmortization": "76400000", "incomeBeforeTax": "394600000", "incomeTaxExpense": "65500000", "interestAndDebtExpense": "None", "netIncomeFromContinuingOperations": "329100000", "comprehensiveIncomeNetOfTax": "None", "ebit": "450800000", "ebitda": "527200000", "netIncome": "317800000"}, {"fiscalDateEnding": "2021-09-30", "reportedCurrency": "USD", "grossProfit": "1204200000", "totalRevenue": "3719800000", "costOfRevenue": "2515600000", "costofGoodsAndServicesSold": "2515600000", "operatingIncome": "583400000", "sellingGeneralAndAdministrative": "613900000", "researchAndDevelopment": "None", "operatingExpenses": "620800000", "investmentIncomeNet": "None", "netInterestIncome": "-56900000", "interestIncome": "59100000", "interestExpense": "57700000", "nonInterestIncome": "None", "otherNonOperatingIncome": "None", "depreciation": "None", "depreciationAndAmortization": "72200000", "incomeBeforeTax": "518800000", "incomeTaxExpense": "96800000", "interestAndDebtExpense": "None", "netIncomeFromContinuingOperations": "422000000", "comprehensiveIncomeNetOfTax": "None", "ebit": "576500000", "ebitda": "648700000", "netIncome": "405700000"}, {"fiscalDateEnding": "2021-06-30", "reportedCurrency": "USD", "grossProfit": "1270700000", "totalRevenue": "3829700000", "costOfRevenue": "2559000000", "costofGoodsAndServicesSold": "2559000000", "operatingIncome": "651000000", "sellingGeneralAndAdministrative": "619700000", "researchAndDevelopment": "None", "operatingExpenses": "619700000", "investmentIncomeNet": "None", "netInterestIncome": "-58200000", "interestIncome": "1100000", "interestExpense": "59300000", "nonInterestIncome": "None", "otherNonOperatingIncome": "None", "depreciation": "None", "depreciationAndAmortization": "74800000", "incomeBeforeTax": "592000000", "incomeTaxExpense": "122800000", "interestAndDebtExpense": "None", "netIncomeFromContinuingOperations": "469200000", "comprehensiveIncomeNetOfTax": "None", "ebit": "652200000", "ebitda": "727000000", "netIncome": "464700000"}, {"fiscalDateEnding": "2021-03-31", "reportedCurrency": "USD", "grossProfit": "953200000", "totalRevenue": "3017600000", "costOfRevenue": "2064400000", "costofGoodsAndServicesSold": "2064400000", "operatingIncome": "353200000", "sellingGeneralAndAdministrative": "600000000", "researchAndDevelopment": "None", "operatingExpenses": "600000000", "investmentIncomeNet": "None", "netInterestIncome": "-59600000", "interestIncome": "63300000", "interestExpense": "59600000", "nonInterestIncome": "None", "otherNonOperatingIncome": "None", "depreciation": "None", "depreciationAndAmortization": "76000000", "incomeBeforeTax": "285300000", "incomeTaxExpense": "48400000", "interestAndDebtExpense": "None", "netIncomeFromContinuingOperations": "236900000", "comprehensiveIncomeNetOfTax": "None", "ebit": "347500000", "ebitda": "423500000", "netIncome": "235200000"}, {"fiscalDateEnding": "2020-12-31", "reportedCurrency": "USD", "grossProfit": "947900000", "totalRevenue": "3179100000", "costOfRevenue": "2231200000", "costofGoodsAndServicesSold": "2231200000", "operatingIncome": "388000000", "sellingGeneralAndAdministrative": "538400000", "researchAndDevelopment": "165000000", "operatingExpenses": "559900000", "investmentIncomeNet": "None", "netInterestIncome": "-61900000", "interestIncome": "63400000", "interestExpense": "61900000", "nonInterestIncome": "None", "otherNonOperatingIncome": "None", "depreciation": "None", "depreciationAndAmortization": "70600000", "incomeBeforeTax": "322600000", "incomeTaxExpense": "72400000", "interestAndDebtExpense": "None", "netIncomeFromContinuingOperations": "250200000", "comprehensiveIncomeNetOfTax": "None", "ebit": "384700000", "ebitda": "455300000", "netIncome": "244700000"}, {"fiscalDateEnding": "2020-09-30", "reportedCurrency": "USD", "grossProfit": "1134700000", "totalRevenue": "3495500000", "costOfRevenue": "2360800000", "costofGoodsAndServicesSold": "2360800000", "operatingIncome": "566900000", "sellingGeneralAndAdministrative": "562900000", "researchAndDevelopment": "None", "operatingExpenses": "567800000", "investmentIncomeNet": "None", "netInterestIncome": "-60500000", "interestIncome": "63000000", "interestExpense": "62400000", "nonInterestIncome": "None", "otherNonOperatingIncome": "None", "depreciation": "None", "depreciationAndAmortization": "74500000", "incomeBeforeTax": "500000000", "incomeTaxExpense": "89900000", "interestAndDebtExpense": "None", "netIncomeFromContinuingOperations": "410100000", "comprehensiveIncomeNetOfTax": "None", "ebit": "562400000", "ebitda": "636900000", "netIncome": "400600000"}, {"fiscalDateEnding": "2020-06-30", "reportedCurrency": "USD", "grossProfit": "978300000", "totalRevenue": "3138800000", "costOfRevenue": "2160500000", "costofGoodsAndServicesSold": "2160500000", "operatingIncome": "423500000", "sellingGeneralAndAdministrative": "1079600000", "researchAndDevelopment": "None", "operatingExpenses": "554800000", "investmentIncomeNet": "None", "netInterestIncome": "-59500000", "interestIncome": "61300000", "interestExpense": "61300000", "nonInterestIncome": "None", "otherNonOperatingIncome": "None", "depreciation": "None", "depreciationAndAmortization": "74200000", "incomeBeforeTax": "361800000", "incomeTaxExpense": "83500000", "interestAndDebtExpense": "None", "netIncomeFromContinuingOperations": "278300000", "comprehensiveIncomeNetOfTax": "None", "ebit": "423200000", "ebitda": "497400000", "netIncome": "238800000"}, {"fiscalDateEnding": "2020-03-31", "reportedCurrency": "USD", "grossProfit": "742500000", "totalRevenue": "2641300000", "costOfRevenue": "1898800000", "costofGoodsAndServicesSold": "1898800000", "operatingIncome": "154400000", "sellingGeneralAndAdministrative": "1160800000", "researchAndDevelopment": "None", "operatingExpenses": "588100000", "investmentIncomeNet": "None", "netInterestIncome": "-63200000", "interestIncome": "59100000", "interestExpense": "63200000", "nonInterestIncome": "None", "otherNonOperatingIncome": "None", "depreciation": "None", "depreciationAndAmortization": "75000000", "incomeBeforeTax": "103800000", "incomeTaxExpense": "51000000", "interestAndDebtExpense": "None", "netIncomeFromContinuingOperations": "52800000", "comprehensiveIncomeNetOfTax": "None", "ebit": "167000000", "ebitda": "242000000", "netIncome": "-29200000"}, {"fiscalDateEnding": "2019-12-31", "reportedCurrency": "USD", "grossProfit": "926500000", "totalRevenue": "3183700000", "costOfRevenue": "2257200000", "costofGoodsAndServicesSold": "2257200000", "operatingIncome": "330200000", "sellingGeneralAndAdministrative": "1635000000", "researchAndDevelopment": "174200000", "operatingExpenses": "596300000", "investmentIncomeNet": "None", "netInterestIncome": "-62400000", "interestIncome": "66400000", "interestExpense": "63300000", "nonInterestIncome": "None", "otherNonOperatingIncome": "None", "depreciation": "None", "depreciationAndAmortization": "73000000", "incomeBeforeTax": "260100000", "incomeTaxExpense": "46000000", "interestAndDebtExpense": "None", "netIncomeFromContinuingOperations": "277200000", "comprehensiveIncomeNetOfTax": "None", "ebit": "323700000", "ebitda": "396700000", "netIncome": "296100000"}, {"fiscalDateEnding": "2019-09-30", "reportedCurrency": "USD", "grossProfit": "1118300000", "totalRevenue": "3470900000", "costOfRevenue": "2352600000", "costofGoodsAndServicesSold": "2352600000", "operatingIncome": "536500000", "sellingGeneralAndAdministrative": "1567300000", "researchAndDevelopment": "None", "operatingExpenses": "567800000", "investmentIncomeNet": "None", "netInterestIncome": "-64500000", "interestIncome": "69000000", "interestExpense": "65000000", "nonInterestIncome": "None", "otherNonOperatingIncome": "None", "depreciation": "None", "depreciationAndAmortization": "72700000", "incomeBeforeTax": "466800000", "incomeTaxExpense": "80500000", "interestAndDebtExpense": "None", "netIncomeFromContinuingOperations": "439000000", "comprehensiveIncomeNetOfTax": "None", "ebit": "531800000", "ebitda": "604500000", "netIncome": "458800000"}, {"fiscalDateEnding": "2019-06-30", "reportedCurrency": "USD", "grossProfit": "1165000000", "totalRevenue": "3617600000", "costOfRevenue": "2462800000", "costofGoodsAndServicesSold": "2462800000", "operatingIncome": "566900000", "sellingGeneralAndAdministrative": "1367800000", "researchAndDevelopment": "None", "operatingExpenses": "587900000", "investmentIncomeNet": "None", "netInterestIncome": "-61500000", "interestIncome": "63000000", "interestExpense": "64700000", "nonInterestIncome": "None", "otherNonOperatingIncome": "None", "depreciation": "None", "depreciationAndAmortization": "72200000", "incomeBeforeTax": "504500000", "incomeTaxExpense": "91900000", "interestAndDebtExpense": "None", "netIncomeFromContinuingOperations": "465900000", "comprehensiveIncomeNetOfTax": "None", "ebit": "569000000", "ebitda": "641200000", "netIncome": "456100000"}, {"fiscalDateEnding": "2019-03-31", "reportedCurrency": "USD", "grossProfit": "814500000", "totalRevenue": "2803700000", "costOfRevenue": "1989200000", "costofGoodsAndServicesSold": "1989200000", "operatingIncome": "236500000", "sellingGeneralAndAdministrative": "1302700000", "researchAndDevelopment": "None", "operatingExpenses": "578000000", "investmentIncomeNet": "None", "netInterestIncome": "-51500000", "interestIncome": "59400000", "interestExpense": "52100000", "nonInterestIncome": "None", "otherNonOperatingIncome": "None", "depreciation": "None", "depreciationAndAmortization": "70900000", "incomeBeforeTax": "167500000", "incomeTaxExpense": "20200000", "interestAndDebtExpense": "None", "netIncomeFromContinuingOperations": "205800000", "comprehensiveIncomeNetOfTax": "None", "ebit": "219600000", "ebitda": "290500000", "netIncome": "199900000"}, {"fiscalDateEnding": "2018-12-31", "reportedCurrency": "USD", "grossProfit": "1150100000", "totalRevenue": "3895100000", "costOfRevenue": "2745000000", "costofGoodsAndServicesSold": "2745000000", "operatingIncome": "446700000", "sellingGeneralAndAdministrative": "1407400000", "researchAndDevelopment": "228700000", "operatingExpenses": "703400000", "investmentIncomeNet": "None", "netInterestIncome": "None", "interestIncome": "None", "interestExpense": "49000000", "nonInterestIncome": "None", "otherNonOperatingIncome": "None", "depreciation": "None", "depreciationAndAmortization": "88500000", "incomeBeforeTax": "377300000", "incomeTaxExpense": "121300000", "interestAndDebtExpense": "None", "netIncomeFromContinuingOperations": "None", "comprehensiveIncomeNetOfTax": "None", "ebit": "426400000", "ebitda": "514900000", "netIncome": "254000000"}, {"fiscalDateEnding": "2018-09-30", "reportedCurrency": "USD", "grossProfit": "1312600000", "totalRevenue": "4030900000", "costOfRevenue": "2718300000", "costofGoodsAndServicesSold": "2718300000", "operatingIncome": "587000000", "sellingGeneralAndAdministrative": "1450600000", "researchAndDevelopment": "None", "operatingExpenses": "725600000", "investmentIncomeNet": "None", "netInterestIncome": "None", "interestIncome": "None", "interestExpense": "48500000", "nonInterestIncome": "None", "otherNonOperatingIncome": "None", "depreciation": "None", "depreciationAndAmortization": "85200000", "incomeBeforeTax": "530000000", "incomeTaxExpense": "-1100000", "interestAndDebtExpense": "None", "netIncomeFromContinuingOperations": "None", "comprehensiveIncomeNetOfTax": "None", "ebit": "578500000", "ebitda": "663700000", "netIncome": "515100000"}, {"fiscalDateEnding": "2018-06-30", "reportedCurrency": "USD", "grossProfit": "1393600000", "totalRevenue": "4357700000", "costOfRevenue": "2964100000", "costofGoodsAndServicesSold": "2964100000", "operatingIncome": "640300000", "sellingGeneralAndAdministrative": "1507300000", "researchAndDevelopment": "None", "operatingExpenses": "753300000", "investmentIncomeNet": "None", "netInterestIncome": "None", "interestIncome": "None", "interestExpense": "50300000", "nonInterestIncome": "None", "otherNonOperatingIncome": "None", "depreciation": "None", "depreciationAndAmortization": "94400000", "incomeBeforeTax": "586500000", "incomeTaxExpense": "128000000", "interestAndDebtExpense": "None", "netIncomeFromContinuingOperations": "None", "comprehensiveIncomeNetOfTax": "None", "ebit": "636800000", "ebitda": "731200000", "netIncome": "448100000"}, {"fiscalDateEnding": "2018-03-31", "reportedCurrency": "USD", "grossProfit": "964300000", "totalRevenue": "3384500000", "costOfRevenue": "2420200000", "costofGoodsAndServicesSold": "2420200000", "operatingIncome": "243400000", "sellingGeneralAndAdministrative": "1440900000", "researchAndDevelopment": "None", "operatingExpenses": "720900000", "investmentIncomeNet": "None", "netInterestIncome": "None", "interestIncome": "None", "interestExpense": "72900000", "nonInterestIncome": "None", "otherNonOperatingIncome": "None", "depreciation": "None", "depreciationAndAmortization": "93400000", "incomeBeforeTax": "166500000", "incomeTaxExpense": "33000000", "interestAndDebtExpense": "None", "netIncomeFromContinuingOperations": "None", "comprehensiveIncomeNetOfTax": "None", "ebit": "239400000", "ebitda": "332800000", "netIncome": "120400000"}, {"fiscalDateEnding": "2017-12-31", "reportedCurrency": "USD", "grossProfit": "1075700000", "totalRevenue": "3618100000", "costOfRevenue": "2542400000", "costofGoodsAndServicesSold": "2542400000", "operatingIncome": "386700000", "sellingGeneralAndAdministrative": "1378000000", "researchAndDevelopment": "210800000", "operatingExpenses": "689000000", "investmentIncomeNet": "None", "netInterestIncome": "None", "interestIncome": "None", "interestExpense": "53900000", "nonInterestIncome": "None", "otherNonOperatingIncome": "None", "depreciation": "None", "depreciationAndAmortization": "91400000", "incomeBeforeTax": "325000000", "incomeTaxExpense": "-163000000", "interestAndDebtExpense": "None", "netIncomeFromContinuingOperations": "None", "comprehensiveIncomeNetOfTax": "None", "ebit": "378800000", "ebitda": "470200000", "netIncome": "459900000"}, {"fiscalDateEnding": "2017-09-30", "reportedCurrency": "USD", "grossProfit": "1180600000", "totalRevenue": "3670500000", "costOfRevenue": "2489900000", "costofGoodsAndServicesSold": "2489900000", "operatingIncome": "506100000", "sellingGeneralAndAdministrative": "1348500000", "researchAndDevelopment": "None", "operatingExpenses": "674500000", "investmentIncomeNet": "None", "netInterestIncome": "None", "interestIncome": "None", "interestExpense": "53900000", "nonInterestIncome": "None", "otherNonOperatingIncome": "None", "depreciation": "None", "depreciationAndAmortization": "87800000", "incomeBeforeTax": "444600000", "incomeTaxExpense": "76400000", "interestAndDebtExpense": "None", "netIncomeFromContinuingOperations": "None", "comprehensiveIncomeNetOfTax": "None", "ebit": "498500000", "ebitda": "586300000", "netIncome": "367000000"}, {"fiscalDateEnding": "2017-06-30", "reportedCurrency": "USD", "grossProfit": "1255300000", "totalRevenue": "3908400000", "costOfRevenue": "2653100000", "costofGoodsAndServicesSold": "2653100000", "operatingIncome": "557600000", "sellingGeneralAndAdministrative": "1395700000", "researchAndDevelopment": "None", "operatingExpenses": "697700000", "investmentIncomeNet": "None", "netInterestIncome": "None", "interestIncome": "None", "interestExpense": "54100000", "nonInterestIncome": "None", "otherNonOperatingIncome": "None", "depreciation": "None", "depreciationAndAmortization": "87400000", "incomeBeforeTax": "492000000", "incomeTaxExpense": "138100000", "interestAndDebtExpense": "None", "netIncomeFromContinuingOperations": "None", "comprehensiveIncomeNetOfTax": "None", "ebit": "546100000", "ebitda": "633500000", "netIncome": "358600000"}, {"fiscalDateEnding": "2017-03-31", "reportedCurrency": "USD", "grossProfit": "874500000", "totalRevenue": "3000600000", "costOfRevenue": "2126100000", "costofGoodsAndServicesSold": "2126100000", "operatingIncome": "215000000", "sellingGeneralAndAdministrative": "1318500000", "researchAndDevelopment": "None", "operatingExpenses": "659500000", "investmentIncomeNet": "None", "netInterestIncome": "None", "interestIncome": "None", "interestExpense": "54000000", "nonInterestIncome": "None", "otherNonOperatingIncome": "None", "depreciation": "None", "depreciationAndAmortization": "86700000", "incomeBeforeTax": "156300000", "incomeTaxExpense": "28700000", "interestAndDebtExpense": "None", "netIncomeFromContinuingOperations": "None", "comprehensiveIncomeNetOfTax": "None", "ebit": "210300000", "ebitda": "297000000", "netIncome": "117100000"}, {"fiscalDateEnding": "2016-12-31", "reportedCurrency": "USD", "grossProfit": "1007500000", "totalRevenue": "3358800000", "costOfRevenue": "2351300000", "costofGoodsAndServicesSold": "2351300000", "operatingIncome": "346900000", "sellingGeneralAndAdministrative": "1321600000", "researchAndDevelopment": "207900000", "operatingExpenses": "660600000", "investmentIncomeNet": "None", "netInterestIncome": "None", "interestIncome": "None", "interestExpense": "53800000", "nonInterestIncome": "None", "otherNonOperatingIncome": "None", "depreciation": "None", "depreciationAndAmortization": "87500000", "incomeBeforeTax": "268100000", "incomeTaxExpense": "63900000", "interestAndDebtExpense": "None", "netIncomeFromContinuingOperations": "None", "comprehensiveIncomeNetOfTax": "None", "ebit": "321800000", "ebitda": "409300000", "netIncome": "198800000"}, {"fiscalDateEnding": "2016-09-30", "reportedCurrency": "USD", "grossProfit": "1149100000", "totalRevenue": "3567800000", "costOfRevenue": "2418700000", "costofGoodsAndServicesSold": "2418700000", "operatingIncome": "503700000", "sellingGeneralAndAdministrative": "1290400000", "researchAndDevelopment": "None", "operatingExpenses": "645400000", "investmentIncomeNet": "None", "netInterestIncome": "None", "interestIncome": "None", "interestExpense": "54500000", "nonInterestIncome": "None", "otherNonOperatingIncome": "None", "depreciation": "None", "depreciationAndAmortization": "88700000", "incomeBeforeTax": "450900000", "incomeTaxExpense": "83200000", "interestAndDebtExpense": "None", "netIncomeFromContinuingOperations": "None", "comprehensiveIncomeNetOfTax": "None", "ebit": "505400000", "ebitda": "594100000", "netIncome": "377400000"}, {"fiscalDateEnding": "2016-06-30", "reportedCurrency": "USD", "grossProfit": "1175900000", "totalRevenue": "3688200000", "costOfRevenue": "2512300000", "costofGoodsAndServicesSold": "2512300000", "operatingIncome": "513300000", "sellingGeneralAndAdministrative": "1341700000", "researchAndDevelopment": "None", "operatingExpenses": "670700000", "investmentIncomeNet": "None", "netInterestIncome": "None", "interestIncome": "None", "interestExpense": "56500000", "nonInterestIncome": "None", "otherNonOperatingIncome": "None", "depreciation": "None", "depreciationAndAmortization": "88000000", "incomeBeforeTax": "851700000", "incomeTaxExpense": "92500000", "interestAndDebtExpense": "None", "netIncomeFromContinuingOperations": "None", "comprehensiveIncomeNetOfTax": "None", "ebit": "518400000", "ebitda": "606400000", "netIncome": "747600000"}, {"fiscalDateEnding": "2016-03-31", "reportedCurrency": "USD", "grossProfit": "852900000", "totalRevenue": "2894100000", "costOfRevenue": "2047000000", "costofGoodsAndServicesSold": "2047000000", "operatingIncome": "225400000", "sellingGeneralAndAdministrative": "1258800000", "researchAndDevelopment": "None", "operatingExpenses": "629800000", "investmentIncomeNet": "None", "netInterestIncome": "None", "interestIncome": "None", "interestExpense": "56700000", "nonInterestIncome": "None", "otherNonOperatingIncome": "None", "depreciation": "None", "depreciationAndAmortization": "88000000", "incomeBeforeTax": "170600000", "incomeTaxExpense": "41900000", "interestAndDebtExpense": "None", "netIncomeFromContinuingOperations": "None", "comprehensiveIncomeNetOfTax": "None", "ebit": "233800000", "ebitda": "321800000", "netIncome": "152400000"}, {"fiscalDateEnding": "2015-12-31", "reportedCurrency": "USD", "grossProfit": "984800000", "totalRevenue": "3325800000", "costOfRevenue": "2341000000", "costofGoodsAndServicesSold": "2341000000", "operatingIncome": "359300000", "sellingGeneralAndAdministrative": "1251500000", "researchAndDevelopment": "205900000", "operatingExpenses": "625500000", "investmentIncomeNet": "None", "netInterestIncome": "None", "interestIncome": "None", "interestExpense": "56300000", "nonInterestIncome": "None", "otherNonOperatingIncome": "None", "depreciation": "None", "depreciationAndAmortization": "94900000", "incomeBeforeTax": "308100000", "incomeTaxExpense": "68700000", "interestAndDebtExpense": "None", "netIncomeFromContinuingOperations": "None", "comprehensiveIncomeNetOfTax": "None", "ebit": "364400000", "ebitda": "459300000", "netIncome": "233500000"}, {"fiscalDateEnding": "2015-09-30", "reportedCurrency": "USD", "grossProfit": "1107500000", "totalRevenue": "3486900000", "costOfRevenue": "2379400000", "costofGoodsAndServicesSold": "2379400000", "operatingIncome": "475400000", "sellingGeneralAndAdministrative": "1264100000", "researchAndDevelopment": "None", "operatingExpenses": "632100000", "investmentIncomeNet": "None", "netInterestIncome": "None", "interestIncome": "None", "interestExpense": "55800000", "nonInterestIncome": "None", "otherNonOperatingIncome": "None", "depreciation": "None", "depreciationAndAmortization": "88500000", "incomeBeforeTax": "431800000", "incomeTaxExpense": "113800000", "interestAndDebtExpense": "None", "netIncomeFromContinuingOperations": "None", "comprehensiveIncomeNetOfTax": "None", "ebit": "475400000", "ebitda": "563900000", "netIncome": "300900000"}, {"fiscalDateEnding": "2015-06-30", "reportedCurrency": "USD", "grossProfit": "1105700000", "totalRevenue": "3600200000", "costOfRevenue": "2494500000", "costofGoodsAndServicesSold": "2494500000", "operatingIncome": "452200000", "sellingGeneralAndAdministrative": "1306500000", "researchAndDevelopment": "None", "operatingExpenses": "653500000", "investmentIncomeNet": "None", "netInterestIncome": "None", "interestIncome": "None", "interestExpense": "55800000", "nonInterestIncome": "None", "otherNonOperatingIncome": "None", "depreciation": "None", "depreciationAndAmortization": "92800000", "incomeBeforeTax": "418400000", "incomeTaxExpense": "331400000", "interestAndDebtExpense": "None", "netIncomeFromContinuingOperations": "None", "comprehensiveIncomeNetOfTax": "None", "ebit": "452200000", "ebitda": "545000000", "netIncome": "78900000"}, {"fiscalDateEnding": "2015-03-31", "reportedCurrency": "USD", "grossProfit": "801100000", "totalRevenue": "2887800000", "costOfRevenue": "2086700000", "costofGoodsAndServicesSold": "2086700000", "operatingIncome": "171100000", "sellingGeneralAndAdministrative": "1260000000", "researchAndDevelopment": "None", "operatingExpenses": "630000000", "investmentIncomeNet": "None", "netInterestIncome": "None", "interestIncome": "None", "interestExpense": "55100000", "nonInterestIncome": "None", "otherNonOperatingIncome": "None", "depreciation": "None", "depreciationAndAmortization": "87900000", "incomeBeforeTax": "89600000", "incomeTaxExpense": "26900000", "interestAndDebtExpense": "None", "netIncomeFromContinuingOperations": "None", "comprehensiveIncomeNetOfTax": "None", "ebit": "171100000", "ebitda": "259000000", "netIncome": "51300000"}, {"fiscalDateEnding": "2014-12-31", "reportedCurrency": "USD", "grossProfit": "979400000", "totalRevenue": "3240500000", "costOfRevenue": "2261100000", "costofGoodsAndServicesSold": "2261100000", "operatingIncome": "346300000", "sellingGeneralAndAdministrative": "1266100000", "researchAndDevelopment": "212300000", "operatingExpenses": "633100000", "investmentIncomeNet": "None", "netInterestIncome": "None", "interestIncome": "None", "interestExpense": "68000000", "nonInterestIncome": "None", "otherNonOperatingIncome": "None", "depreciation": "None", "depreciationAndAmortization": "81900000", "incomeBeforeTax": "288100000", "incomeTaxExpense": "71200000", "interestAndDebtExpense": "None", "netIncomeFromContinuingOperations": "None", "comprehensiveIncomeNetOfTax": "None", "ebit": "356100000", "ebitda": "438000000", "netIncome": "255500000"}, {"fiscalDateEnding": "2014-09-30", "reportedCurrency": "USD", "grossProfit": "1058000000", "totalRevenue": "3385000000", "costOfRevenue": "2327000000", "costofGoodsAndServicesSold": "2327000000", "operatingIncome": "440000000", "sellingGeneralAndAdministrative": "1236000000", "researchAndDevelopment": "None", "operatingExpenses": "618000000", "investmentIncomeNet": "None", "netInterestIncome": "None", "interestIncome": "None", "interestExpense": "52300000", "nonInterestIncome": "None", "otherNonOperatingIncome": "None", "depreciation": "None", "depreciationAndAmortization": "82300000", "incomeBeforeTax": "397300000", "incomeTaxExpense": "94100000", "interestAndDebtExpense": "None", "netIncomeFromContinuingOperations": "None", "comprehensiveIncomeNetOfTax": "None", "ebit": "449600000", "ebitda": "531900000", "netIncome": "291300000"}, {"fiscalDateEnding": "2014-06-30", "reportedCurrency": "USD", "grossProfit": "1103000000", "totalRevenue": "3542900000", "costOfRevenue": "2439900000", "costofGoodsAndServicesSold": "2439900000", "operatingIncome": "463300000", "sellingGeneralAndAdministrative": "1278700000", "researchAndDevelopment": "None", "operatingExpenses": "639700000", "investmentIncomeNet": "None", "netInterestIncome": "None", "interestIncome": "None", "interestExpense": "53000000", "nonInterestIncome": "None", "otherNonOperatingIncome": "None", "depreciation": "None", "depreciationAndAmortization": "85900000", "incomeBeforeTax": "418900000", "incomeTaxExpense": "103700000", "interestAndDebtExpense": "None", "netIncomeFromContinuingOperations": "None", "comprehensiveIncomeNetOfTax": "None", "ebit": "463300000", "ebitda": "549200000", "netIncome": "306000000"}, {"fiscalDateEnding": "2014-03-31", "reportedCurrency": "USD", "grossProfit": "768100000", "totalRevenue": "2722900000", "costOfRevenue": "1954800000", "costofGoodsAndServicesSold": "1954800000", "operatingIncome": "155000000", "sellingGeneralAndAdministrative": "1226100000", "researchAndDevelopment": "None", "operatingExpenses": "613100000", "investmentIncomeNet": "None", "netInterestIncome": "None", "interestIncome": "None", "interestExpense": "52000000", "nonInterestIncome": "None", "otherNonOperatingIncome": "None", "depreciation": "None", "depreciationAndAmortization": "82300000", "incomeBeforeTax": "105200000", "incomeTaxExpense": "24500000", "interestAndDebtExpense": "None", "netIncomeFromContinuingOperations": "None", "comprehensiveIncomeNetOfTax": "None", "ebit": "155000000", "ebitda": "237300000", "netIncome": "79000000"}, {"fiscalDateEnding": "2013-12-31", "reportedCurrency": "USD", "grossProfit": "886900000", "totalRevenue": "3098900000", "costOfRevenue": "2212000000", "costofGoodsAndServicesSold": "2212000000", "operatingIncome": "218000000", "sellingGeneralAndAdministrative": "631400000", "researchAndDevelopment": "218200000", "operatingExpenses": "668900000", "investmentIncomeNet": "None", "netInterestIncome": "None", "interestIncome": "None", "interestExpense": "52000000", "nonInterestIncome": "None", "otherNonOperatingIncome": "None", "depreciation": "None", "depreciationAndAmortization": "39500000", "incomeBeforeTax": "163900000", "incomeTaxExpense": "80700000", "interestAndDebtExpense": "None", "netIncomeFromContinuingOperations": "None", "comprehensiveIncomeNetOfTax": "None", "ebit": "262200000", "ebitda": "301700000", "netIncome": "47600000"}, {"fiscalDateEnding": "2013-09-30", "reportedCurrency": "USD", "grossProfit": "996500000", "totalRevenue": "3214200000", "costOfRevenue": "2217700000", "costofGoodsAndServicesSold": "2217700000", "operatingIncome": "379500000", "sellingGeneralAndAdministrative": "1513900000", "researchAndDevelopment": "None", "operatingExpenses": "617000000", "investmentIncomeNet": "None", "netInterestIncome": "None", "interestIncome": "None", "interestExpense": "102800000", "nonInterestIncome": "None", "otherNonOperatingIncome": "None", "depreciation": "None", "depreciationAndAmortization": "82900000", "incomeBeforeTax": "282700000", "incomeTaxExpense": "55100000", "interestAndDebtExpense": "None", "netIncomeFromContinuingOperations": "None", "comprehensiveIncomeNetOfTax": "None", "ebit": "388800000", "ebitda": "471700000", "netIncome": "165900000"}, {"fiscalDateEnding": "2013-06-30", "reportedCurrency": "USD", "grossProfit": "1020900000", "totalRevenue": "3398400000", "costOfRevenue": "2377500000", "costofGoodsAndServicesSold": "2377500000", "operatingIncome": "394300000", "sellingGeneralAndAdministrative": "1541900000", "researchAndDevelopment": "None", "operatingExpenses": "633400000", "investmentIncomeNet": "None", "netInterestIncome": "None", "interestIncome": "None", "interestExpense": "62400000", "nonInterestIncome": "None", "otherNonOperatingIncome": "None", "depreciation": "None", "depreciationAndAmortization": "83300000", "incomeBeforeTax": "323200000", "incomeTaxExpense": "48700000", "interestAndDebtExpense": "None", "netIncomeFromContinuingOperations": "None", "comprehensiveIncomeNetOfTax": "None", "ebit": "394300000", "ebitda": "477600000", "netIncome": "317200000"}, {"fiscalDateEnding": "2013-03-31", "reportedCurrency": "USD", "grossProfit": "736900000", "totalRevenue": "2639000000", "costOfRevenue": "1902100000", "costofGoodsAndServicesSold": "1902100000", "operatingIncome": "142100000", "sellingGeneralAndAdministrative": "1452800000", "researchAndDevelopment": "None", "operatingExpenses": "606400000", "investmentIncomeNet": "None", "netInterestIncome": "None", "interestIncome": "None", "interestExpense": "60600000", "nonInterestIncome": "None", "otherNonOperatingIncome": "None", "depreciation": "None", "depreciationAndAmortization": "83700000", "incomeBeforeTax": "59900000", "incomeTaxExpense": "4500000", "interestAndDebtExpense": "None", "netIncomeFromContinuingOperations": "None", "comprehensiveIncomeNetOfTax": "None", "ebit": "142100000", "ebitda": "225800000", "netIncome": "88000000"}, {"fiscalDateEnding": "2012-12-31", "reportedCurrency": "USD", "grossProfit": "1059700000", "totalRevenue": "3470200000", "costOfRevenue": "2410500000", "costofGoodsAndServicesSold": "2410500000", "operatingIncome": "367500000", "sellingGeneralAndAdministrative": "1385200000", "researchAndDevelopment": "235400000", "operatingExpenses": "692200000", "investmentIncomeNet": "None", "netInterestIncome": "None", "interestIncome": "None", "interestExpense": "61400000", "nonInterestIncome": "None", "otherNonOperatingIncome": "None", "depreciation": "None", "depreciationAndAmortization": "90100000", "incomeBeforeTax": "309900000", "incomeTaxExpense": "69000000", "interestAndDebtExpense": "None", "netIncomeFromContinuingOperations": "None", "comprehensiveIncomeNetOfTax": "None", "ebit": "371300000", "ebitda": "461400000", "netIncome": "235600000"}, {"fiscalDateEnding": "2012-09-30", "reportedCurrency": "USD", "grossProfit": "1138400000", "totalRevenue": "3592800000", "costOfRevenue": "2454400000", "costofGoodsAndServicesSold": "2454400000", "operatingIncome": "447800000", "sellingGeneralAndAdministrative": "1380600000", "researchAndDevelopment": "None", "operatingExpenses": "690600000", "investmentIncomeNet": "None", "netInterestIncome": "None", "interestIncome": "None", "interestExpense": "56600000", "nonInterestIncome": "None", "otherNonOperatingIncome": "None", "depreciation": "None", "depreciationAndAmortization": "92300000", "incomeBeforeTax": "404600000", "incomeTaxExpense": "65300000", "interestAndDebtExpense": "None", "netIncomeFromContinuingOperations": "None", "comprehensiveIncomeNetOfTax": "None", "ebit": "465200000", "ebitda": "557500000", "netIncome": "321600000"}, {"fiscalDateEnding": "2012-06-30", "reportedCurrency": "USD", "grossProfit": "1177300000", "totalRevenue": "3821300000", "costOfRevenue": "2644000000", "costofGoodsAndServicesSold": "2644000000", "operatingIncome": "477900000", "sellingGeneralAndAdministrative": "1407600000", "researchAndDevelopment": "None", "operatingExpenses": "703600000", "investmentIncomeNet": "None", "netInterestIncome": "None", "interestIncome": "None", "interestExpense": "62100000", "nonInterestIncome": "None", "otherNonOperatingIncome": "None", "depreciation": "None", "depreciationAndAmortization": "95100000", "incomeBeforeTax": "419900000", "incomeTaxExpense": "54800000", "interestAndDebtExpense": "None", "netIncomeFromContinuingOperations": "None", "comprehensiveIncomeNetOfTax": "None", "ebit": "482000000", "ebitda": "577100000", "netIncome": "365800000"}, {"fiscalDateEnding": "2012-03-31", "reportedCurrency": "USD", "grossProfit": "901300000", "totalRevenue": "3150700000", "costOfRevenue": "2249400000", "costofGoodsAndServicesSold": "2249400000", "operatingIncome": "212000000", "sellingGeneralAndAdministrative": "1378600000", "researchAndDevelopment": "None", "operatingExpenses": "689600000", "investmentIncomeNet": "None", "netInterestIncome": "None", "interestIncome": "None", "interestExpense": "69400000", "nonInterestIncome": "None", "otherNonOperatingIncome": "None", "depreciation": "None", "depreciationAndAmortization": "98000000", "incomeBeforeTax": "142400000", "incomeTaxExpense": "38000000", "interestAndDebtExpense": "None", "netIncomeFromContinuingOperations": "None", "comprehensiveIncomeNetOfTax": "None", "ebit": "211800000", "ebitda": "309800000", "netIncome": "95600000"}, {"fiscalDateEnding": "2011-12-31", "reportedCurrency": "USD", "grossProfit": "992800000", "totalRevenue": "3453800000", "costOfRevenue": "2461000000", "costofGoodsAndServicesSold": "2461000000", "operatingIncome": "341500000", "sellingGeneralAndAdministrative": "1312000000", "researchAndDevelopment": "257300000", "operatingExpenses": "656000000", "investmentIncomeNet": "None", "netInterestIncome": "None", "interestIncome": "None", "interestExpense": "70300000", "nonInterestIncome": "None", "otherNonOperatingIncome": "None", "depreciation": "None", "depreciationAndAmortization": "100600000", "incomeBeforeTax": "275600000", "incomeTaxExpense": "18800000", "interestAndDebtExpense": "None", "netIncomeFromContinuingOperations": "None", "comprehensiveIncomeNetOfTax": "None", "ebit": "345900000", "ebitda": "446500000", "netIncome": "242300000"}, {"fiscalDateEnding": "2011-09-30", "reportedCurrency": "USD", "grossProfit": "1156700000", "totalRevenue": "3928500000", "costOfRevenue": "2771800000", "costofGoodsAndServicesSold": "2771800000", "operatingIncome": "179700000", "sellingGeneralAndAdministrative": "1521600000", "researchAndDevelopment": "None", "operatingExpenses": "973400000", "investmentIncomeNet": "None", "netInterestIncome": "None", "interestIncome": "None", "interestExpense": "69700000", "nonInterestIncome": "None", "otherNonOperatingIncome": "None", "depreciation": "None", "depreciationAndAmortization": "96800000", "incomeBeforeTax": "131300000", "incomeTaxExpense": "28400000", "interestAndDebtExpense": "None", "netIncomeFromContinuingOperations": "None", "comprehensiveIncomeNetOfTax": "None", "ebit": "201800000", "ebitda": "298600000", "netIncome": "86200000"}, {"fiscalDateEnding": "2011-06-30", "reportedCurrency": "USD", "grossProfit": "1183800000", "totalRevenue": "3892200000", "costOfRevenue": "2708400000", "costofGoodsAndServicesSold": "2708400000", "operatingIncome": "475500000", "sellingGeneralAndAdministrative": "1416300000", "researchAndDevelopment": "None", "operatingExpenses": "708300000", "investmentIncomeNet": "None", "netInterestIncome": "None", "interestIncome": "None", "interestExpense": "71600000", "nonInterestIncome": "None", "otherNonOperatingIncome": "None", "depreciation": "None", "depreciationAndAmortization": "106700000", "incomeBeforeTax": "408400000", "incomeTaxExpense": "99800000", "interestAndDebtExpense": "None", "netIncomeFromContinuingOperations": "None", "comprehensiveIncomeNetOfTax": "None", "ebit": "301100000", "ebitda": "407800000", "netIncome": "92300000"}, {"fiscalDateEnding": "2011-03-31", "reportedCurrency": "USD", "grossProfit": "888200000", "totalRevenue": "3138000000", "costOfRevenue": "2249800000", "costofGoodsAndServicesSold": "2249800000", "operatingIncome": "231900000", "sellingGeneralAndAdministrative": "1312300000", "researchAndDevelopment": "None", "operatingExpenses": "656300000", "investmentIncomeNet": "None", "netInterestIncome": "None", "interestIncome": "None", "interestExpense": "68300000", "nonInterestIncome": "None", "otherNonOperatingIncome": "None", "depreciation": "None", "depreciationAndAmortization": "98300000", "incomeBeforeTax": "168700000", "incomeTaxExpense": "40800000", "interestAndDebtExpense": "None", "netIncomeFromContinuingOperations": "None", "comprehensiveIncomeNetOfTax": "None", "ebit": "46700000", "ebitda": "145000000", "netIncome": "-77600000"}, {"fiscalDateEnding": "2010-12-31", "reportedCurrency": "USD", "grossProfit": "1010900000", "totalRevenue": "3711700000", "costOfRevenue": "2700800000", "costofGoodsAndServicesSold": "2700800000", "operatingIncome": "313600000", "sellingGeneralAndAdministrative": "1395300000", "researchAndDevelopment": "244000000", "operatingExpenses": "697300000", "investmentIncomeNet": "None", "netInterestIncome": "None", "interestIncome": "None", "interestExpense": "70900000", "nonInterestIncome": "None", "otherNonOperatingIncome": "None", "depreciation": "None", "depreciationAndAmortization": "107700000", "incomeBeforeTax": "253900000", "incomeTaxExpense": "47100000", "interestAndDebtExpense": "None", "netIncomeFromContinuingOperations": "None", "comprehensiveIncomeNetOfTax": "None", "ebit": "324800000", "ebitda": "432500000", "netIncome": "212100000"}, {"fiscalDateEnding": "2010-09-30", "reportedCurrency": "USD", "grossProfit": "1078900000", "totalRevenue": "3730300000", "costOfRevenue": "2651400000", "costofGoodsAndServicesSold": "2651400000", "operatingIncome": "408200000", "sellingGeneralAndAdministrative": "1338300000", "researchAndDevelopment": "None", "operatingExpenses": "670700000", "investmentIncomeNet": "None", "netInterestIncome": "None", "interestIncome": "None", "interestExpense": "70200000", "nonInterestIncome": "None", "otherNonOperatingIncome": "None", "depreciation": "None", "depreciationAndAmortization": "119600000", "incomeBeforeTax": "349200000", "incomeTaxExpense": "72100000", "interestAndDebtExpense": "None", "netIncomeFromContinuingOperations": "None", "comprehensiveIncomeNetOfTax": "None", "ebit": "419400000", "ebitda": "539000000", "netIncome": "232200000"}, {"fiscalDateEnding": "2010-06-30", "reportedCurrency": "USD", "grossProfit": "1047600000", "totalRevenue": "3703400000", "costOfRevenue": "2655800000", "costofGoodsAndServicesSold": "2655800000", "operatingIncome": "383000000", "sellingGeneralAndAdministrative": "1319900000", "researchAndDevelopment": "None", "operatingExpenses": "645600000", "investmentIncomeNet": "None", "netInterestIncome": "None", "interestIncome": "None", "interestExpense": "71100000", "nonInterestIncome": "None", "otherNonOperatingIncome": "None", "depreciation": "None", "depreciationAndAmortization": "104700000", "incomeBeforeTax": "323100000", "incomeTaxExpense": "54900000", "interestAndDebtExpense": "None", "netIncomeFromContinuingOperations": "None", "comprehensiveIncomeNetOfTax": "None", "ebit": "371800000", "ebitda": "476500000", "netIncome": "196400000"}, {"fiscalDateEnding": "2010-03-31", "reportedCurrency": "USD", "grossProfit": "780100000", "totalRevenue": "2953400000", "costOfRevenue": "2173300000", "costofGoodsAndServicesSold": "2173300000", "operatingIncome": "297000000", "sellingGeneralAndAdministrative": "1292600000", "researchAndDevelopment": "None", "operatingExpenses": "617200000", "investmentIncomeNet": "None", "netInterestIncome": "None", "interestIncome": "None", "interestExpense": "71200000", "nonInterestIncome": "None", "otherNonOperatingIncome": "None", "depreciation": "None", "depreciationAndAmortization": "105100000", "incomeBeforeTax": "100400000", "incomeTaxExpense": "54100000", "interestAndDebtExpense": "None", "netIncomeFromContinuingOperations": "None", "comprehensiveIncomeNetOfTax": "None", "ebit": "145300000", "ebitda": "250400000", "netIncome": "1400000"}, {"fiscalDateEnding": "2009-12-31", "reportedCurrency": "USD", "grossProfit": "894200000", "totalRevenue": "3305900000", "costOfRevenue": "2411700000", "costofGoodsAndServicesSold": "2411700000", "operatingIncome": "222800000", "sellingGeneralAndAdministrative": "None", "researchAndDevelopment": "None", "operatingExpenses": "671400000", "investmentIncomeNet": "None", "netInterestIncome": "None", "interestIncome": "None", "interestExpense": "76400000", "nonInterestIncome": "None", "otherNonOperatingIncome": "None", "depreciation": "None", "depreciationAndAmortization": "109200000", "incomeBeforeTax": "149800000", "incomeTaxExpense": "16700000", "interestAndDebtExpense": "None", "netIncomeFromContinuingOperations": "None", "comprehensiveIncomeNetOfTax": "None", "ebit": "226200000", "ebitda": "335400000", "netIncome": "139400000"}, {"fiscalDateEnding": "2009-09-30", "reportedCurrency": "USD", "grossProfit": "996100000", "totalRevenue": "3482700000", "costOfRevenue": "2486600000", "costofGoodsAndServicesSold": "2486600000", "operatingIncome": "318300000", "sellingGeneralAndAdministrative": "None", "researchAndDevelopment": "None", "operatingExpenses": "677800000", "investmentIncomeNet": "None", "netInterestIncome": "None", "interestIncome": "None", "interestExpense": "76500000", "nonInterestIncome": "None", "otherNonOperatingIncome": "None", "depreciation": "None", "depreciationAndAmortization": "111200000", "incomeBeforeTax": "242300000", "incomeTaxExpense": "14800000", "interestAndDebtExpense": "None", "netIncomeFromContinuingOperations": "None", "comprehensiveIncomeNetOfTax": "None", "ebit": "323700000", "ebitda": "434900000", "netIncome": "216600000"}, {"fiscalDateEnding": "2009-06-30", "reportedCurrency": "USD", "grossProfit": "933400000", "totalRevenue": "3473800000", "costOfRevenue": "2540400000", "costofGoodsAndServicesSold": "2540400000", "operatingIncome": "250600000", "sellingGeneralAndAdministrative": "None", "researchAndDevelopment": "None", "operatingExpenses": "682800000", "investmentIncomeNet": "None", "netInterestIncome": "None", "interestIncome": "None", "interestExpense": "81900000", "nonInterestIncome": "None", "otherNonOperatingIncome": "None", "depreciation": "None", "depreciationAndAmortization": "102000000", "incomeBeforeTax": "172100000", "incomeTaxExpense": "34400000", "interestAndDebtExpense": "None", "netIncomeFromContinuingOperations": "None", "comprehensiveIncomeNetOfTax": "None", "ebit": "260600000", "ebitda": "362600000", "netIncome": "122100000"}, {"fiscalDateEnding": "2009-03-31", "reportedCurrency": "USD", "grossProfit": "726500000", "totalRevenue": "2932900000", "costOfRevenue": "2206400000", "costofGoodsAndServicesSold": "2206400000", "operatingIncome": "49900000", "sellingGeneralAndAdministrative": "None", "researchAndDevelopment": "None", "operatingExpenses": "676600000", "investmentIncomeNet": "None", "netInterestIncome": "None", "interestIncome": "None", "interestExpense": "67400000", "nonInterestIncome": "None", "otherNonOperatingIncome": "None", "depreciation": "None", "depreciationAndAmortization": "102500000", "incomeBeforeTax": "-5000000", "incomeTaxExpense": "10500000", "interestAndDebtExpense": "None", "netIncomeFromContinuingOperations": "None", "comprehensiveIncomeNetOfTax": "None", "ebit": "62400000", "ebitda": "164900000", "netIncome": "-26700000"}, {"fiscalDateEnding": "2008-12-31", "reportedCurrency": "USD", "grossProfit": "868400000", "totalRevenue": "3670100000", "costOfRevenue": "2801700000", "costofGoodsAndServicesSold": "2801700000", "operatingIncome": "-3529800000", "sellingGeneralAndAdministrative": "None", "researchAndDevelopment": "None", "operatingExpenses": "4398200000", "investmentIncomeNet": "None", "netInterestIncome": "None", "interestIncome": "None", "interestExpense": "None", "nonInterestIncome": "None", "otherNonOperatingIncome": "None", "depreciation": "None", "depreciationAndAmortization": "123300000", "incomeBeforeTax": "-3637000000", "incomeTaxExpense": "-361800000", "interestAndDebtExpense": "None", "netIncomeFromContinuingOperations": "None", "comprehensiveIncomeNetOfTax": "None", "ebit": "-3529800000", "ebitda": "-3406500000", "netIncome": "-3290200000"}, {"fiscalDateEnding": "2008-09-30", "reportedCurrency": "USD", "grossProfit": "1103800000", "totalRevenue": "4313200000", "costOfRevenue": "3209400000", "costofGoodsAndServicesSold": "3209400000", "operatingIncome": "347400000", "sellingGeneralAndAdministrative": "None", "researchAndDevelopment": "None", "operatingExpenses": "756400000", "investmentIncomeNet": "None", "netInterestIncome": "None", "interestIncome": "None", "interestExpense": "83700000", "nonInterestIncome": "None", "otherNonOperatingIncome": "None", "depreciation": "None", "depreciationAndAmortization": "202600000", "incomeBeforeTax": "265500000", "incomeTaxExpense": "26300000", "interestAndDebtExpense": "None", "netIncomeFromContinuingOperations": "None", "comprehensiveIncomeNetOfTax": "None", "ebit": "349200000", "ebitda": "551800000", "netIncome": "227700000"}, {"fiscalDateEnding": "2008-06-30", "reportedCurrency": "USD", "grossProfit": "884700000", "totalRevenue": "3080800000", "costOfRevenue": "2196100000", "costofGoodsAndServicesSold": "2196100000", "operatingIncome": "361600000", "sellingGeneralAndAdministrative": "None", "researchAndDevelopment": "None", "operatingExpenses": "523100000", "investmentIncomeNet": "None", "netInterestIncome": "None", "interestIncome": "None", "interestExpense": "None", "nonInterestIncome": "None", "otherNonOperatingIncome": "None", "depreciation": "None", "depreciationAndAmortization": "89100000", "incomeBeforeTax": "342200000", "incomeTaxExpense": "79700000", "interestAndDebtExpense": "None", "netIncomeFromContinuingOperations": "None", "comprehensiveIncomeNetOfTax": "None", "ebit": "361600000", "ebitda": "450700000", "netIncome": "256100000"}, {"fiscalDateEnding": "2008-03-31", "reportedCurrency": "USD", "grossProfit": "622400000", "totalRevenue": "2163300000", "costOfRevenue": "1540900000", "costofGoodsAndServicesSold": "1540900000", "operatingIncome": "247000000", "sellingGeneralAndAdministrative": "None", "researchAndDevelopment": "None", "operatingExpenses": "375400000", "investmentIncomeNet": "None", "netInterestIncome": "None", "interestIncome": "None", "interestExpense": "None", "nonInterestIncome": "None", "otherNonOperatingIncome": "None", "depreciation": "None", "depreciationAndAmortization": "38100000", "incomeBeforeTax": "258900000", "incomeTaxExpense": "47200000", "interestAndDebtExpense": "None", "netIncomeFromContinuingOperations": "None", "comprehensiveIncomeNetOfTax": "None", "ebit": "247000000", "ebitda": "285100000", "netIncome": "181600000"}, {"fiscalDateEnding": "2007-12-31", "reportedCurrency": "USD", "grossProfit": "665100000", "totalRevenue": "2323300000", "costOfRevenue": "1658200000", "costofGoodsAndServicesSold": "1658200000", "operatingIncome": "298800000", "sellingGeneralAndAdministrative": "None", "researchAndDevelopment": "None", "operatingExpenses": "366300000", "investmentIncomeNet": "None", "netInterestIncome": "None", "interestIncome": "None", "interestExpense": "None", "nonInterestIncome": "None", "otherNonOperatingIncome": "None", "depreciation": "None", "depreciationAndAmortization": "39800000", "incomeBeforeTax": "277400000", "incomeTaxExpense": "106500000", "interestAndDebtExpense": "None", "netIncomeFromContinuingOperations": "None", "comprehensiveIncomeNetOfTax": "None", "ebit": "298800000", "ebitda": "338600000", "netIncome": "2518500000"}, {"fiscalDateEnding": "2007-09-30", "reportedCurrency": "USD", "grossProfit": "630800000", "totalRevenue": "2239000000", "costOfRevenue": "1608200000", "costofGoodsAndServicesSold": "1608200000", "operatingIncome": "276300000", "sellingGeneralAndAdministrative": "None", "researchAndDevelopment": "None", "operatingExpenses": "354500000", "investmentIncomeNet": "None", "netInterestIncome": "None", "interestIncome": "None", "interestExpense": "None", "nonInterestIncome": "None", "otherNonOperatingIncome": "None", "depreciation": "None", "depreciationAndAmortization": "28400000", "incomeBeforeTax": "235400000", "incomeTaxExpense": "37800000", "interestAndDebtExpense": "None", "netIncomeFromContinuingOperations": "None", "comprehensiveIncomeNetOfTax": "None", "ebit": "276300000", "ebitda": "304700000", "netIncome": "266600000"}, {"fiscalDateEnding": "2007-06-30", "reportedCurrency": "USD", "grossProfit": "634900000", "totalRevenue": "2224600000", "costOfRevenue": "1589700000", "costofGoodsAndServicesSold": "1589700000", "operatingIncome": "274100000", "sellingGeneralAndAdministrative": "None", "researchAndDevelopment": "None", "operatingExpenses": "360800000", "investmentIncomeNet": "None", "netInterestIncome": "None", "interestIncome": "None", "interestExpense": "None", "nonInterestIncome": "None", "otherNonOperatingIncome": "None", "depreciation": "None", "depreciationAndAmortization": "34600000", "incomeBeforeTax": "251900000", "incomeTaxExpense": "43900000", "interestAndDebtExpense": "None", "netIncomeFromContinuingOperations": "None", "comprehensiveIncomeNetOfTax": "None", "ebit": "274100000", "ebitda": "308700000", "netIncome": "964100000"}, {"fiscalDateEnding": "2007-03-31", "reportedCurrency": "USD", "grossProfit": "560300000", "totalRevenue": "1976200000", "costOfRevenue": "1415900000", "costofGoodsAndServicesSold": "1415900000", "operatingIncome": "208600000", "sellingGeneralAndAdministrative": "None", "researchAndDevelopment": "None", "operatingExpenses": "351700000", "investmentIncomeNet": "None", "netInterestIncome": "None", "interestIncome": "None", "interestExpense": "None", "nonInterestIncome": "None", "otherNonOperatingIncome": "None", "depreciation": "None", "depreciationAndAmortization": "36000000", "incomeBeforeTax": "172800000", "incomeTaxExpense": "16200000", "interestAndDebtExpense": "None", "netIncomeFromContinuingOperations": "None", "comprehensiveIncomeNetOfTax": "None", "ebit": "208600000", "ebitda": "244600000", "netIncome": "217500000"}, {"fiscalDateEnding": "2006-12-31", "reportedCurrency": "USD", "grossProfit": "723500000", "totalRevenue": "2890400000", "costOfRevenue": "2166900000", "costofGoodsAndServicesSold": "2166900000", "operatingIncome": "325500000", "sellingGeneralAndAdministrative": "None", "researchAndDevelopment": "None", "operatingExpenses": "398000000", "investmentIncomeNet": "None", "netInterestIncome": "None", "interestIncome": "None", "interestExpense": "None", "nonInterestIncome": "None", "otherNonOperatingIncome": "None", "depreciation": "None", "depreciationAndAmortization": "44900000", "incomeBeforeTax": "278700000", "incomeTaxExpense": "48800000", "interestAndDebtExpense": "None", "netIncomeFromContinuingOperations": "None", "comprehensiveIncomeNetOfTax": "None", "ebit": "325500000", "ebitda": "370400000", "netIncome": "221900000"}, {"fiscalDateEnding": "2006-09-30", "reportedCurrency": "USD", "grossProfit": "572600000", "totalRevenue": "2038000000", "costOfRevenue": "1465400000", "costofGoodsAndServicesSold": "1465400000", "operatingIncome": "268900000", "sellingGeneralAndAdministrative": "None", "researchAndDevelopment": "None", "operatingExpenses": "303700000", "investmentIncomeNet": "None", "netInterestIncome": "None", "interestIncome": "None", "interestExpense": "None", "nonInterestIncome": "None", "otherNonOperatingIncome": "None", "depreciation": "None", "depreciationAndAmortization": "38500000", "incomeBeforeTax": "235000000", "incomeTaxExpense": "34600000", "interestAndDebtExpense": "None", "netIncomeFromContinuingOperations": "None", "comprehensiveIncomeNetOfTax": "None", "ebit": "268900000", "ebitda": "307400000", "netIncome": "243800000"}, {"fiscalDateEnding": "2006-06-30", "reportedCurrency": "USD", "grossProfit": "584900000", "totalRevenue": "2048000000", "costOfRevenue": "1463100000", "costofGoodsAndServicesSold": "1463100000", "operatingIncome": "252500000", "sellingGeneralAndAdministrative": "None", "researchAndDevelopment": "None", "operatingExpenses": "332400000", "investmentIncomeNet": "None", "netInterestIncome": "None", "interestIncome": "None", "interestExpense": "None", "nonInterestIncome": "None", "otherNonOperatingIncome": "None", "depreciation": "None", "depreciationAndAmortization": "29300000", "incomeBeforeTax": "215500000", "incomeTaxExpense": "18400000", "interestAndDebtExpense": "None", "netIncomeFromContinuingOperations": "None", "comprehensiveIncomeNetOfTax": "None", "ebit": "252500000", "ebitda": "281800000", "netIncome": "313500000"}, {"fiscalDateEnding": "2006-03-31", "reportedCurrency": "USD", "grossProfit": "672000000", "totalRevenue": "2523200000", "costOfRevenue": "1851200000", "costofGoodsAndServicesSold": "1851200000", "operatingIncome": "317300000", "sellingGeneralAndAdministrative": "None", "researchAndDevelopment": "None", "operatingExpenses": "354700000", "investmentIncomeNet": "None", "netInterestIncome": "None", "interestIncome": "None", "interestExpense": "None", "nonInterestIncome": "None", "otherNonOperatingIncome": "None", "depreciation": "None", "depreciationAndAmortization": "46200000", "incomeBeforeTax": "285900000", "incomeTaxExpense": "41500000", "interestAndDebtExpense": "None", "netIncomeFromContinuingOperations": "None", "comprehensiveIncomeNetOfTax": "None", "ebit": "317300000", "ebitda": "363500000", "netIncome": "253200000"}, {"fiscalDateEnding": "2005-12-31", "reportedCurrency": "USD", "grossProfit": "719600000", "totalRevenue": "2713300000", "costOfRevenue": "1993700000", "costofGoodsAndServicesSold": "1993700000", "operatingIncome": "345700000", "sellingGeneralAndAdministrative": "None", "researchAndDevelopment": "None", "operatingExpenses": "373900000", "investmentIncomeNet": "None", "netInterestIncome": "None", "interestIncome": "None", "interestExpense": "None", "nonInterestIncome": "None", "otherNonOperatingIncome": "None", "depreciation": "None", "depreciationAndAmortization": "51600000", "incomeBeforeTax": "324500000", "incomeTaxExpense": "51600000", "interestAndDebtExpense": "None", "netIncomeFromContinuingOperations": "None", "comprehensiveIncomeNetOfTax": "None", "ebit": "345700000", "ebitda": "397300000", "netIncome": "291500000"}]}