{"symbol": "ASTC", "annualReports": [{"fiscalDateEnding": "2025-06-30", "reportedCurrency": "USD", "grossProfit": "475000", "totalRevenue": "1049000", "costOfRevenue": "574000", "costofGoodsAndServicesSold": "574000", "operatingIncome": "-14734000", "sellingGeneralAndAdministrative": "7067000", "researchAndDevelopment": "8142000", "operatingExpenses": "15209000", "investmentIncomeNet": "None", "netInterestIncome": "None", "interestIncome": "None", "interestExpense": "None", "nonInterestIncome": "None", "otherNonOperatingIncome": "None", "depreciation": "None", "depreciationAndAmortization": "1156000", "incomeBeforeTax": "-13848000", "incomeTaxExpense": "2000", "interestAndDebtExpense": "None", "netIncomeFromContinuingOperations": "-13850000", "comprehensiveIncomeNetOfTax": "None", "ebit": "-13848000", "ebitda": "-12692000", "netIncome": "-13850000"}, {"fiscalDateEnding": "2024-06-30", "reportedCurrency": "USD", "grossProfit": "751000", "totalRevenue": "1664000", "costOfRevenue": "913000", "costofGoodsAndServicesSold": "913000", "operatingIncome": "-13280000", "sellingGeneralAndAdministrative": "1364000", "researchAndDevelopment": "6790000", "operatingExpenses": "14031000", "investmentIncomeNet": "None", "netInterestIncome": "None", "interestIncome": "None", "interestExpense": "None", "nonInterestIncome": "None", "otherNonOperatingIncome": "None", "depreciation": "None", "depreciationAndAmortization": "874000", "incomeBeforeTax": "-11664000", "incomeTaxExpense": "2000", "interestAndDebtExpense": "None", "netIncomeFromContinuingOperations": "-11666000", "comprehensiveIncomeNetOfTax": "None", "ebit": "-13280000", "ebitda": "-12406000", "netIncome": "-11666000"}, {"fiscalDateEnding": "2023-06-30", "reportedCurrency": "USD", "grossProfit": "306000", "totalRevenue": "750000", "costOfRevenue": "444000", "costofGoodsAndServicesSold": "444000", "operatingIncome": "-11060000", "sellingGeneralAndAdministrative": "5775000", "researchAndDevelopment": "5591000", "operatingExpenses": "11366000", "investmentIncomeNet": "None", "netInterestIncome": "None", "interestIncome": "None", "interestExpense": "None", "nonInterestIncome": "None", "otherNonOperatingIncome": "None", "depreciation": "None", "depreciationAndAmortization": "489000", "incomeBeforeTax": "-9642000", "incomeTaxExpense": "-489000", "interestAndDebtExpense": "None", "netIncomeFromContinuingOperations": "-9642000", "comprehensiveIncomeNetOfTax": "None", "ebit": "-11060000", "ebitda": "-10571000", "netIncome": "-9642000"}, {"fiscalDateEnding": "2022-06-30", "reportedCurrency": "USD", "grossProfit": "192000", "totalRevenue": "869000", "costOfRevenue": "677000", "costofGoodsAndServicesSold": "677000", "operatingIncome": "-8595000", "sellingGeneralAndAdministrative": "6006000", "researchAndDevelopment": "2781000", "operatingExpenses": "8787000", "investmentIncomeNet": "None", "netInterestIncome": "265000", "interestIncome": "None", "interestExpense": "265000", "nonInterestIncome": "None", "otherNonOperatingIncome": "None", "depreciation": "None", "depreciationAndAmortization": "236000", "incomeBeforeTax": "-8330000", "incomeTaxExpense": "-766000", "interestAndDebtExpense": "None", "netIncomeFromContinuingOperations": "-8330000", "comprehensiveIncomeNetOfTax": "None", "ebit": "-8595000", "ebitda": "-8359000", "netIncome": "-7564000"}, {"fiscalDateEnding": "2021-06-30", "reportedCurrency": "USD", "grossProfit": "36000", "totalRevenue": "334000", "costOfRevenue": "298000", "costofGoodsAndServicesSold": "298000", "operatingIncome": "-7910000", "sellingGeneralAndAdministrative": "4741000", "researchAndDevelopment": "2692000", "operatingExpenses": "7946000", "investmentIncomeNet": "None", "netInterestIncome": "-235000", "interestIncome": "None", "interestExpense": "235000", "nonInterestIncome": "None", "otherNonOperatingIncome": "None", "depreciation": "None", "depreciationAndAmortization": "203000", "incomeBeforeTax": "-7603000", "incomeTaxExpense": "3000", "interestAndDebtExpense": "None", "netIncomeFromContinuingOperations": "-7603000", "comprehensiveIncomeNetOfTax": "None", "ebit": "-7397000", "ebitda": "-7194000", "netIncome": "-7603000"}, {"fiscalDateEnding": "2020-06-30", "reportedCurrency": "USD", "grossProfit": "39000", "totalRevenue": "488000", "costOfRevenue": "449000", "costofGoodsAndServicesSold": "449000", "operatingIncome": "-8114000", "sellingGeneralAndAdministrative": "4716000", "researchAndDevelopment": "3437000", "operatingExpenses": "8153000", "investmentIncomeNet": "None", "netInterestIncome": "-197000", "interestIncome": "None", "interestExpense": "197000", "nonInterestIncome": "None", "otherNonOperatingIncome": "-197000", "depreciation": "None", "depreciationAndAmortization": "189000", "incomeBeforeTax": "-8311000", "incomeTaxExpense": "197000", "interestAndDebtExpense": "None", "netIncomeFromContinuingOperations": "-8311000", "comprehensiveIncomeNetOfTax": "None", "ebit": "-8114000", "ebitda": "-7925000", "netIncome": "-8311000"}, {"fiscalDateEnding": "2019-06-30", "reportedCurrency": "USD", "grossProfit": "37000", "totalRevenue": "127000", "costOfRevenue": "90000", "costofGoodsAndServicesSold": "90000", "operatingIncome": "-8417000", "sellingGeneralAndAdministrative": "4876000", "researchAndDevelopment": "3578000", "operatingExpenses": "8454000", "investmentIncomeNet": "None", "netInterestIncome": "25000", "interestIncome": "25000", "interestExpense": "293000", "nonInterestIncome": "None", "otherNonOperatingIncome": "25000", "depreciation": "None", "depreciationAndAmortization": "268000", "incomeBeforeTax": "-8392000", "incomeTaxExpense": "-858000", "interestAndDebtExpense": "None", "netIncomeFromContinuingOperations": "-7534000", "comprehensiveIncomeNetOfTax": "None", "ebit": "-8417000", "ebitda": "-8149000", "netIncome": "-7534000"}, {"fiscalDateEnding": "2018-06-30", "reportedCurrency": "USD", "grossProfit": "50000", "totalRevenue": "86000", "costOfRevenue": "36000", "costofGoodsAndServicesSold": "36000", "operatingIncome": "-13337000", "sellingGeneralAndAdministrative": "5629000", "researchAndDevelopment": "6065000", "operatingExpenses": "11694000", "investmentIncomeNet": "None", "netInterestIncome": "86000", "interestIncome": "86000", "interestExpense": "0", "nonInterestIncome": "None", "otherNonOperatingIncome": "86000", "depreciation": "None", "depreciationAndAmortization": "765000", "incomeBeforeTax": "-13251000", "incomeTaxExpense": "86000", "interestAndDebtExpense": "None", "netIncomeFromContinuingOperations": "-13251000", "comprehensiveIncomeNetOfTax": "None", "ebit": "-11644000", "ebitda": "-10879000", "netIncome": "-13251000"}, {"fiscalDateEnding": "2017-06-30", "reportedCurrency": "USD", "grossProfit": "1035000", "totalRevenue": "2328000", "costOfRevenue": "1293000", "costofGoodsAndServicesSold": "1293000", "operatingIncome": "-12060000", "sellingGeneralAndAdministrative": "7508000", "researchAndDevelopment": "5587000", "operatingExpenses": "13095000", "investmentIncomeNet": "None", "netInterestIncome": "306000", "interestIncome": "306000", "interestExpense": "0", "nonInterestIncome": "None", "otherNonOperatingIncome": "306000", "depreciation": "None", "depreciationAndAmortization": "731000", "incomeBeforeTax": "-11754000", "incomeTaxExpense": "2000", "interestAndDebtExpense": "None", "netIncomeFromContinuingOperations": "-11756000", "comprehensiveIncomeNetOfTax": "None", "ebit": "-12060000", "ebitda": "-11329000", "netIncome": "-11582000"}, {"fiscalDateEnding": "2016-06-30", "reportedCurrency": "USD", "grossProfit": "339000", "totalRevenue": "2671000", "costOfRevenue": "2332000", "costofGoodsAndServicesSold": "2332000", "operatingIncome": "-13838000", "sellingGeneralAndAdministrative": "7708000", "researchAndDevelopment": "6469000", "operatingExpenses": "14177000", "investmentIncomeNet": "None", "netInterestIncome": "379000", "interestIncome": "379000", "interestExpense": "0", "nonInterestIncome": "None", "otherNonOperatingIncome": "379000", "depreciation": "None", "depreciationAndAmortization": "572000", "incomeBeforeTax": "-13459000", "incomeTaxExpense": "-25000", "interestAndDebtExpense": "None", "netIncomeFromContinuingOperations": "-13434000", "comprehensiveIncomeNetOfTax": "None", "ebit": "-14006000", "ebitda": "-13434000", "netIncome": "-13095000"}, {"fiscalDateEnding": "2015-06-30", "reportedCurrency": "USD", "grossProfit": "89000", "totalRevenue": "513000", "costOfRevenue": "424000", "costofGoodsAndServicesSold": "424000", "operatingIncome": "-16111000", "sellingGeneralAndAdministrative": "12966000", "researchAndDevelopment": "3234000", "operatingExpenses": "16200000", "investmentIncomeNet": "None", "netInterestIncome": "None", "interestIncome": "224000", "interestExpense": "224000", "nonInterestIncome": "None", "otherNonOperatingIncome": "224000", "depreciation": "None", "depreciationAndAmortization": "320000", "incomeBeforeTax": "-15887000", "incomeTaxExpense": "-5941000", "interestAndDebtExpense": "None", "netIncomeFromContinuingOperations": "-9946000", "comprehensiveIncomeNetOfTax": "None", "ebit": "-16111000", "ebitda": "-15791000", "netIncome": "10778000"}, {"fiscalDateEnding": "2014-06-30", "reportedCurrency": "USD", "grossProfit": "5718000", "totalRevenue": "16423000", "costOfRevenue": "10705000", "costofGoodsAndServicesSold": "10705000", "operatingIncome": "-5680000", "sellingGeneralAndAdministrative": "8893000", "researchAndDevelopment": "2505000", "operatingExpenses": "11398000", "investmentIncomeNet": "None", "netInterestIncome": "None", "interestIncome": "None", "interestExpense": "164000", "nonInterestIncome": "None", "otherNonOperatingIncome": "-182000", "depreciation": "None", "depreciationAndAmortization": "2313000", "incomeBeforeTax": "-5862000", "incomeTaxExpense": "6000", "interestAndDebtExpense": "None", "netIncomeFromContinuingOperations": "-5868000", "comprehensiveIncomeNetOfTax": "None", "ebit": "-12491000", "ebitda": "-10178000", "netIncome": "-4960000"}, {"fiscalDateEnding": "2013-06-30", "reportedCurrency": "USD", "grossProfit": "8311000", "totalRevenue": "23995000", "costOfRevenue": "15684000", "costofGoodsAndServicesSold": "15684000", "operatingIncome": "-559000", "sellingGeneralAndAdministrative": "6790000", "researchAndDevelopment": "2080000", "operatingExpenses": "8870000", "investmentIncomeNet": "None", "netInterestIncome": "None", "interestIncome": "None", "interestExpense": "164000", "nonInterestIncome": "None", "otherNonOperatingIncome": "-164000", "depreciation": "None", "depreciationAndAmortization": "2115000", "incomeBeforeTax": "-723000", "incomeTaxExpense": "-538000", "interestAndDebtExpense": "None", "netIncomeFromContinuingOperations": "-723000", "comprehensiveIncomeNetOfTax": "None", "ebit": "-559000", "ebitda": "1556000", "netIncome": "-185000"}, {"fiscalDateEnding": "2012-06-30", "reportedCurrency": "USD", "grossProfit": "7348000", "totalRevenue": "26138000", "costOfRevenue": "18790000", "costofGoodsAndServicesSold": "18790000", "operatingIncome": "-2290000", "sellingGeneralAndAdministrative": "7067000", "researchAndDevelopment": "2571000", "operatingExpenses": "9638000", "investmentIncomeNet": "None", "netInterestIncome": "None", "interestIncome": "None", "interestExpense": "1026000", "nonInterestIncome": "None", "otherNonOperatingIncome": "-1026000", "depreciation": "None", "depreciationAndAmortization": "2243000", "incomeBeforeTax": "-3316000", "incomeTaxExpense": "17000", "interestAndDebtExpense": "None", "netIncomeFromContinuingOperations": "-3333000", "comprehensiveIncomeNetOfTax": "None", "ebit": "-2290000", "ebitda": "-47000", "netIncome": "-2713000"}, {"fiscalDateEnding": "2011-06-30", "reportedCurrency": "USD", "grossProfit": "6481000", "totalRevenue": "20149000", "costOfRevenue": "13668000", "costofGoodsAndServicesSold": "13668000", "operatingIncome": "-5755000", "sellingGeneralAndAdministrative": "8402000", "researchAndDevelopment": "3834000", "operatingExpenses": "12236000", "investmentIncomeNet": "None", "netInterestIncome": "None", "interestIncome": "None", "interestExpense": "279000", "nonInterestIncome": "None", "otherNonOperatingIncome": "None", "depreciation": "None", "depreciationAndAmortization": "2315000", "incomeBeforeTax": "-6034000", "incomeTaxExpense": "-53000", "interestAndDebtExpense": "None", "netIncomeFromContinuingOperations": "None", "comprehensiveIncomeNetOfTax": "None", "ebit": "-5755000", "ebitda": "-3440000", "netIncome": "-4983000"}, {"fiscalDateEnding": "2010-06-30", "reportedCurrency": "USD", "grossProfit": "15121000", "totalRevenue": "27979000", "costOfRevenue": "12858000", "costofGoodsAndServicesSold": "12858000", "operatingIncome": "153000", "sellingGeneralAndAdministrative": "12170000", "researchAndDevelopment": "2798000", "operatingExpenses": "14968000", "investmentIncomeNet": "None", "netInterestIncome": "None", "interestIncome": "None", "interestExpense": "459000", "nonInterestIncome": "None", "otherNonOperatingIncome": "None", "depreciation": "None", "depreciationAndAmortization": "2135000", "incomeBeforeTax": "-306000", "incomeTaxExpense": "22000", "interestAndDebtExpense": "None", "netIncomeFromContinuingOperations": "None", "comprehensiveIncomeNetOfTax": "None", "ebit": "153000", "ebitda": "2288000", "netIncome": "260000"}, {"fiscalDateEnding": "2009-06-30", "reportedCurrency": "USD", "grossProfit": "16262000", "totalRevenue": "31985000", "costOfRevenue": "15723000", "costofGoodsAndServicesSold": "15723000", "operatingIncome": "4172000", "sellingGeneralAndAdministrative": "9760000", "researchAndDevelopment": "2330000", "operatingExpenses": "12090000", "investmentIncomeNet": "None", "netInterestIncome": "None", "interestIncome": "None", "interestExpense": "622000", "nonInterestIncome": "None", "otherNonOperatingIncome": "None", "depreciation": "None", "depreciationAndAmortization": "2209000", "incomeBeforeTax": "4215000", "incomeTaxExpense": "-510000", "interestAndDebtExpense": "None", "netIncomeFromContinuingOperations": "None", "comprehensiveIncomeNetOfTax": "None", "ebit": "4837000", "ebitda": "7046000", "netIncome": "4725000"}, {"fiscalDateEnding": "2008-06-30", "reportedCurrency": "USD", "grossProfit": "6004000", "totalRevenue": "25544000", "costOfRevenue": "19540000", "costofGoodsAndServicesSold": "19540000", "operatingIncome": "-4732000", "sellingGeneralAndAdministrative": "9148000", "researchAndDevelopment": "1375000", "operatingExpenses": "10736000", "investmentIncomeNet": "None", "netInterestIncome": "None", "interestIncome": "None", "interestExpense": "427000", "nonInterestIncome": "None", "otherNonOperatingIncome": "None", "depreciation": "None", "depreciationAndAmortization": "2668000", "incomeBeforeTax": "-35353000", "incomeTaxExpense": "675000", "interestAndDebtExpense": "None", "netIncomeFromContinuingOperations": "None", "comprehensiveIncomeNetOfTax": "None", "ebit": "-7400000", "ebitda": "-4732000", "netIncome": "-36028000"}, {"fiscalDateEnding": "2007-06-30", "reportedCurrency": "USD", "grossProfit": "1733000", "totalRevenue": "52762000", "costOfRevenue": "51029000", "costofGoodsAndServicesSold": "51029000", "operatingIncome": "-12830000", "sellingGeneralAndAdministrative": "9883000", "researchAndDevelopment": "801000", "operatingExpenses": "14563000", "investmentIncomeNet": "None", "netInterestIncome": "None", "interestIncome": "None", "interestExpense": "4290000", "nonInterestIncome": "None", "otherNonOperatingIncome": "None", "depreciation": "None", "depreciationAndAmortization": "6362000", "incomeBeforeTax": "16361000", "incomeTaxExpense": "-69000", "interestAndDebtExpense": "None", "netIncomeFromContinuingOperations": "None", "comprehensiveIncomeNetOfTax": "None", "ebit": "-12071000", "ebitda": "-5709000", "netIncome": "-16292000"}, {"fiscalDateEnding": "2006-06-30", "reportedCurrency": "USD", "grossProfit": "3891000", "totalRevenue": "50746000", "costOfRevenue": "46855000", "costofGoodsAndServicesSold": "46855000", "operatingIncome": "-7191000", "sellingGeneralAndAdministrative": "10672000", "researchAndDevelopment": "410000", "operatingExpenses": "11082000", "investmentIncomeNet": "None", "netInterestIncome": "None", "interestIncome": "None", "interestExpense": "5511000", "nonInterestIncome": "None", "otherNonOperatingIncome": "None", "depreciation": "None", "depreciationAndAmortization": "6062000", "incomeBeforeTax": "-12365000", "incomeTaxExpense": "32000", "interestAndDebtExpense": "None", "netIncomeFromContinuingOperations": "None", "comprehensiveIncomeNetOfTax": "None", "ebit": "-6854000", "ebitda": "-792000", "netIncome": "-12397000"}], "quarterlyReports": [{"fiscalDateEnding": "2025-12-31", "reportedCurrency": "None", "grossProfit": "8000", "totalRevenue": "148000", "costOfRevenue": "140000", "costofGoodsAndServicesSold": "140000", "operatingIncome": "-3901000", "sellingGeneralAndAdministrative": "None", "researchAndDevelopment": "1832000", "operatingExpenses": "3909000", "investmentIncomeNet": "None", "netInterestIncome": "None", "interestIncome": "None", "interestExpense": "None", "nonInterestIncome": "None", "otherNonOperatingIncome": "None", "depreciation": "None", "depreciationAndAmortization": "293000", "incomeBeforeTax": "-3927000", "incomeTaxExpense": "None", "interestAndDebtExpense": "None", "netIncomeFromContinuingOperations": "None", "comprehensiveIncomeNetOfTax": "None", "ebit": "-3901000", "ebitda": "-3608000", "netIncome": "-3927000"}, {"fiscalDateEnding": "2025-09-30", "reportedCurrency": "USD", "grossProfit": "188000", "totalRevenue": "297000", "costOfRevenue": "109000", "costofGoodsAndServicesSold": "109000", "operatingIncome": "-3536000", "sellingGeneralAndAdministrative": "1780000", "researchAndDevelopment": "1944000", "operatingExpenses": "3724000", "investmentIncomeNet": "None", "netInterestIncome": "None", "interestIncome": "None", "interestExpense": "None", "nonInterestIncome": "None", "otherNonOperatingIncome": "None", "depreciation": "None", "depreciationAndAmortization": "302000", "incomeBeforeTax": "-3465000", "incomeTaxExpense": "None", "interestAndDebtExpense": "None", "netIncomeFromContinuingOperations": "-3465000", "comprehensiveIncomeNetOfTax": "None", "ebit": "-3465000", "ebitda": "-3163000", "netIncome": "-3465000"}, {"fiscalDateEnding": "2025-06-30", "reportedCurrency": "USD", "grossProfit": "-257000", "totalRevenue": "220000", "costOfRevenue": "477000", "costofGoodsAndServicesSold": "477000", "operatingIncome": "-2918000", "sellingGeneralAndAdministrative": "1225000", "researchAndDevelopment": "1767000", "operatingExpenses": "2661000", "investmentIncomeNet": "None", "netInterestIncome": "None", "interestIncome": "None", "interestExpense": "None", "nonInterestIncome": "None", "otherNonOperatingIncome": "None", "depreciation": "None", "depreciationAndAmortization": "331000", "incomeBeforeTax": "-2928000", "incomeTaxExpense": "2000", "interestAndDebtExpense": "None", "netIncomeFromContinuingOperations": "-2930000", "comprehensiveIncomeNetOfTax": "None", "ebit": "-2928000", "ebitda": "-2597000", "netIncome": "-2930000"}, {"fiscalDateEnding": "2025-03-31", "reportedCurrency": "USD", "grossProfit": "237000", "totalRevenue": "534000", "costOfRevenue": "297000", "costofGoodsAndServicesSold": "297000", "operatingIncome": "-3867000", "sellingGeneralAndAdministrative": "2115000", "researchAndDevelopment": "1989000", "operatingExpenses": "4104000", "investmentIncomeNet": "None", "netInterestIncome": "None", "interestIncome": "None", "interestExpense": "None", "nonInterestIncome": "None", "otherNonOperatingIncome": "None", "depreciation": "None", "depreciationAndAmortization": "283000", "incomeBeforeTax": "-3633000", "incomeTaxExpense": "None", "interestAndDebtExpense": "None", "netIncomeFromContinuingOperations": "-3633000", "comprehensiveIncomeNetOfTax": "None", "ebit": "-3633000", "ebitda": "-3350000", "netIncome": "-3633000"}, {"fiscalDateEnding": "2024-12-31", "reportedCurrency": "USD", "grossProfit": "155000", "totalRevenue": "261000", "costOfRevenue": "106000", "costofGoodsAndServicesSold": "106000", "operatingIncome": "-4321000", "sellingGeneralAndAdministrative": "2039000", "researchAndDevelopment": "2437000", "operatingExpenses": "4476000", "investmentIncomeNet": "None", "netInterestIncome": "None", "interestIncome": "None", "interestExpense": "None", "nonInterestIncome": "None", "otherNonOperatingIncome": "None", "depreciation": "None", "depreciationAndAmortization": "274000", "incomeBeforeTax": "-4009000", "incomeTaxExpense": "None", "interestAndDebtExpense": "None", "netIncomeFromContinuingOperations": "-4009000", "comprehensiveIncomeNetOfTax": "None", "ebit": "-4321000", "ebitda": "-4047000", "netIncome": "-4009000"}, {"fiscalDateEnding": "2024-09-30", "reportedCurrency": "USD", "grossProfit": "9000", "totalRevenue": "34000", "costOfRevenue": "25000", "costofGoodsAndServicesSold": "25000", "operatingIncome": "-3628000", "sellingGeneralAndAdministrative": "1688000", "researchAndDevelopment": "1949000", "operatingExpenses": "3637000", "investmentIncomeNet": "None", "netInterestIncome": "None", "interestIncome": "None", "interestExpense": "None", "nonInterestIncome": "None", "otherNonOperatingIncome": "None", "depreciation": "None", "depreciationAndAmortization": "268000", "incomeBeforeTax": "-3278000", "incomeTaxExpense": "None", "interestAndDebtExpense": "None", "netIncomeFromContinuingOperations": "-3278000", "comprehensiveIncomeNetOfTax": "None", "ebit": "-3628000", "ebitda": "-3360000", "netIncome": "-3278000"}, {"fiscalDateEnding": "2024-06-30", "reportedCurrency": "USD", "grossProfit": "28000", "totalRevenue": "74000", "costOfRevenue": "46000", "costofGoodsAndServicesSold": "46000", "operatingIncome": "-3344000", "sellingGeneralAndAdministrative": "1364000", "researchAndDevelopment": "1632000", "operatingExpenses": "3372000", "investmentIncomeNet": "None", "netInterestIncome": "None", "interestIncome": "None", "interestExpense": "None", "nonInterestIncome": "None", "otherNonOperatingIncome": "None", "depreciation": "None", "depreciationAndAmortization": "260000", "incomeBeforeTax": "-2957000", "incomeTaxExpense": "2000", "interestAndDebtExpense": "None", "netIncomeFromContinuingOperations": "-2959000", "comprehensiveIncomeNetOfTax": "None", "ebit": "-3344000", "ebitda": "-3084000", "netIncome": "-2959000"}, {"fiscalDateEnding": "2024-03-31", "reportedCurrency": "USD", "grossProfit": "-233000", "totalRevenue": "50000", "costOfRevenue": "283000", "costofGoodsAndServicesSold": "283000", "operatingIncome": "-3533000", "sellingGeneralAndAdministrative": "1833000", "researchAndDevelopment": "1708000", "operatingExpenses": "3300000", "investmentIncomeNet": "None", "netInterestIncome": "None", "interestIncome": "None", "interestExpense": "None", "nonInterestIncome": "None", "otherNonOperatingIncome": "None", "depreciation": "None", "depreciationAndAmortization": "241000", "incomeBeforeTax": "-3154000", "incomeTaxExpense": "None", "interestAndDebtExpense": "None", "netIncomeFromContinuingOperations": "-3154000", "comprehensiveIncomeNetOfTax": "None", "ebit": "-3533000", "ebitda": "-3292000", "netIncome": "-3154000"}, {"fiscalDateEnding": "2023-12-31", "reportedCurrency": "USD", "grossProfit": "496000", "totalRevenue": "1115000", "costOfRevenue": "619000", "costofGoodsAndServicesSold": "619000", "operatingIncome": "-3068000", "sellingGeneralAndAdministrative": "2022000", "researchAndDevelopment": "1578000", "operatingExpenses": "3564000", "investmentIncomeNet": "None", "netInterestIncome": "None", "interestIncome": "None", "interestExpense": "None", "nonInterestIncome": "None", "otherNonOperatingIncome": "None", "depreciation": "None", "depreciationAndAmortization": "188000", "incomeBeforeTax": "-2641000", "incomeTaxExpense": "None", "interestAndDebtExpense": "None", "netIncomeFromContinuingOperations": "-2641000", "comprehensiveIncomeNetOfTax": "None", "ebit": "-3068000", "ebitda": "-2880000", "netIncome": "-2641000"}, {"fiscalDateEnding": "2023-09-30", "reportedCurrency": "USD", "grossProfit": "183000", "totalRevenue": "425000", "costOfRevenue": "242000", "costofGoodsAndServicesSold": "242000", "operatingIncome": "-3335000", "sellingGeneralAndAdministrative": "1646000", "researchAndDevelopment": "1872000", "operatingExpenses": "3518000", "investmentIncomeNet": "None", "netInterestIncome": "None", "interestIncome": "None", "interestExpense": "None", "nonInterestIncome": "None", "otherNonOperatingIncome": "None", "depreciation": "None", "depreciationAndAmortization": "185000", "incomeBeforeTax": "-2912000", "incomeTaxExpense": "-185000", "interestAndDebtExpense": "None", "netIncomeFromContinuingOperations": "-2912000", "comprehensiveIncomeNetOfTax": "None", "ebit": "-3335000", "ebitda": "-3150000", "netIncome": "-2912000"}, {"fiscalDateEnding": "2023-06-30", "reportedCurrency": "USD", "grossProfit": "181000", "totalRevenue": "414000", "costOfRevenue": "233000", "costofGoodsAndServicesSold": "233000", "operatingIncome": "-2732000", "sellingGeneralAndAdministrative": "1457000", "researchAndDevelopment": "1744000", "operatingExpenses": "2913000", "investmentIncomeNet": "None", "netInterestIncome": "None", "interestIncome": "None", "interestExpense": "939000", "nonInterestIncome": "None", "otherNonOperatingIncome": "None", "depreciation": "None", "depreciationAndAmortization": "181000", "incomeBeforeTax": "-2320000", "incomeTaxExpense": "1205000", "interestAndDebtExpense": "None", "netIncomeFromContinuingOperations": "-2320000", "comprehensiveIncomeNetOfTax": "None", "ebit": "-2732000", "ebitda": "-2551000", "netIncome": "-2320000"}, {"fiscalDateEnding": "2023-03-31", "reportedCurrency": "USD", "grossProfit": "-98000", "totalRevenue": "35000", "costOfRevenue": "133000", "costofGoodsAndServicesSold": "133000", "operatingIncome": "-2750000", "sellingGeneralAndAdministrative": "1406000", "researchAndDevelopment": "1246000", "operatingExpenses": "2652000", "investmentIncomeNet": "None", "netInterestIncome": "None", "interestIncome": "None", "interestExpense": "109000", "nonInterestIncome": "None", "otherNonOperatingIncome": "None", "depreciation": "None", "depreciationAndAmortization": "109000", "incomeBeforeTax": "-2375000", "incomeTaxExpense": "-375000", "interestAndDebtExpense": "None", "netIncomeFromContinuingOperations": "-2375000", "comprehensiveIncomeNetOfTax": "None", "ebit": "-2375000", "ebitda": "-2266000", "netIncome": "-2375000"}, {"fiscalDateEnding": "2022-12-31", "reportedCurrency": "USD", "grossProfit": "108000", "totalRevenue": "263000", "costOfRevenue": "155000", "costofGoodsAndServicesSold": "155000", "operatingIncome": "-2814000", "sellingGeneralAndAdministrative": "1558000", "researchAndDevelopment": "1364000", "operatingExpenses": "2922000", "investmentIncomeNet": "None", "netInterestIncome": "None", "interestIncome": "None", "interestExpense": "506000", "nonInterestIncome": "None", "otherNonOperatingIncome": "None", "depreciation": "None", "depreciationAndAmortization": "110000", "incomeBeforeTax": "-2418000", "incomeTaxExpense": "-506000", "interestAndDebtExpense": "None", "netIncomeFromContinuingOperations": "-2418000", "comprehensiveIncomeNetOfTax": "None", "ebit": "-2418000", "ebitda": "-2308000", "netIncome": "-2418000"}, {"fiscalDateEnding": "2022-09-30", "reportedCurrency": "USD", "grossProfit": "6000", "totalRevenue": "38000", "costOfRevenue": "32000", "costofGoodsAndServicesSold": "32000", "operatingIncome": "-2765000", "sellingGeneralAndAdministrative": "1642000", "researchAndDevelopment": "1129000", "operatingExpenses": "2771000", "investmentIncomeNet": "None", "netInterestIncome": "None", "interestIncome": "None", "interestExpense": "324000", "nonInterestIncome": "None", "otherNonOperatingIncome": "None", "depreciation": "None", "depreciationAndAmortization": "89000", "incomeBeforeTax": "-2530000", "incomeTaxExpense": "-89000", "interestAndDebtExpense": "None", "netIncomeFromContinuingOperations": "-2530000", "comprehensiveIncomeNetOfTax": "None", "ebit": "-2765000", "ebitda": "-2676000", "netIncome": "-2530000"}, {"fiscalDateEnding": "2022-06-30", "reportedCurrency": "USD", "grossProfit": "9000", "totalRevenue": "24000", "costOfRevenue": "15000", "costofGoodsAndServicesSold": "15000", "operatingIncome": "-2135000", "sellingGeneralAndAdministrative": "1503000", "researchAndDevelopment": "768000", "operatingExpenses": "2144000", "investmentIncomeNet": "None", "netInterestIncome": "None", "interestIncome": "None", "interestExpense": "181000", "nonInterestIncome": "None", "otherNonOperatingIncome": "None", "depreciation": "None", "depreciationAndAmortization": "67000", "incomeBeforeTax": "-2021000", "incomeTaxExpense": "-181000", "interestAndDebtExpense": "None", "netIncomeFromContinuingOperations": "-2021000", "comprehensiveIncomeNetOfTax": "None", "ebit": "-2135000", "ebitda": "-2068000", "netIncome": "-2021000"}, {"fiscalDateEnding": "2022-03-31", "reportedCurrency": "USD", "grossProfit": "13500", "totalRevenue": "97000", "costOfRevenue": "83500", "costofGoodsAndServicesSold": "83500", "operatingIncome": "-2147000", "sellingGeneralAndAdministrative": "1476000", "researchAndDevelopment": "722000", "operatingExpenses": "2160500", "investmentIncomeNet": "None", "netInterestIncome": "None", "interestIncome": "None", "interestExpense": "47000", "nonInterestIncome": "None", "otherNonOperatingIncome": "None", "depreciation": "None", "depreciationAndAmortization": "75000", "incomeBeforeTax": "-2100000", "incomeTaxExpense": "-47000", "interestAndDebtExpense": "None", "netIncomeFromContinuingOperations": "-2100000", "comprehensiveIncomeNetOfTax": "None", "ebit": "-2100000", "ebitda": "-2025000", "netIncome": "-2100000"}, {"fiscalDateEnding": "2021-12-31", "reportedCurrency": "USD", "grossProfit": "120000", "totalRevenue": "561000", "costOfRevenue": "441000", "costofGoodsAndServicesSold": "441000", "operatingIncome": "-2260000", "sellingGeneralAndAdministrative": "1728000", "researchAndDevelopment": "652000", "operatingExpenses": "2380000", "investmentIncomeNet": "None", "netInterestIncome": "None", "interestIncome": "None", "interestExpense": "None", "nonInterestIncome": "None", "otherNonOperatingIncome": "None", "depreciation": "None", "depreciationAndAmortization": "55000", "incomeBeforeTax": "-2180000", "incomeTaxExpense": "None", "interestAndDebtExpense": "None", "netIncomeFromContinuingOperations": "-2180000", "comprehensiveIncomeNetOfTax": "None", "ebit": "-2260000", "ebitda": "-2205000", "netIncome": "-2180000"}, {"fiscalDateEnding": "2021-09-30", "reportedCurrency": "USD", "grossProfit": "12000", "totalRevenue": "187000", "costOfRevenue": "175000", "costofGoodsAndServicesSold": "175000", "operatingIncome": "-2053000", "sellingGeneralAndAdministrative": "1426000", "researchAndDevelopment": "639000", "operatingExpenses": "2065000", "investmentIncomeNet": "None", "netInterestIncome": "None", "interestIncome": "None", "interestExpense": "None", "nonInterestIncome": "None", "otherNonOperatingIncome": "None", "depreciation": "None", "depreciationAndAmortization": "39000", "incomeBeforeTax": "-2029000", "incomeTaxExpense": "None", "interestAndDebtExpense": "None", "netIncomeFromContinuingOperations": "-2029000", "comprehensiveIncomeNetOfTax": "None", "ebit": "-2053000", "ebitda": "-2014000", "netIncome": "-2029000"}, {"fiscalDateEnding": "2021-06-30", "reportedCurrency": "USD", "grossProfit": "-1000", "totalRevenue": "10000", "costOfRevenue": "11000", "costofGoodsAndServicesSold": "11000", "operatingIncome": "-1990000", "sellingGeneralAndAdministrative": "1333000", "researchAndDevelopment": "656000", "operatingExpenses": "1989000", "investmentIncomeNet": "None", "netInterestIncome": "-50000", "interestIncome": "None", "interestExpense": "50000", "nonInterestIncome": "None", "otherNonOperatingIncome": "None", "depreciation": "None", "depreciationAndAmortization": "7000", "incomeBeforeTax": "-1467000", "incomeTaxExpense": "15000", "interestAndDebtExpense": "None", "netIncomeFromContinuingOperations": "-1467000", "comprehensiveIncomeNetOfTax": "None", "ebit": "-1417000", "ebitda": "-1410000", "netIncome": "-1467000"}, {"fiscalDateEnding": "2021-03-31", "reportedCurrency": "USD", "grossProfit": "8000", "totalRevenue": "54000", "costOfRevenue": "46000", "costofGoodsAndServicesSold": "46000", "operatingIncome": "-2340000", "sellingGeneralAndAdministrative": "1679000", "researchAndDevelopment": "669000", "operatingExpenses": "2348000", "investmentIncomeNet": "None", "netInterestIncome": "-63000", "interestIncome": "None", "interestExpense": "63000", "nonInterestIncome": "None", "otherNonOperatingIncome": "-63000", "depreciation": "None", "depreciationAndAmortization": "12000", "incomeBeforeTax": "-2403000", "incomeTaxExpense": "44000", "interestAndDebtExpense": "None", "netIncomeFromContinuingOperations": "-2403000", "comprehensiveIncomeNetOfTax": "None", "ebit": "-2340000", "ebitda": "-2328000", "netIncome": "-2403000"}, {"fiscalDateEnding": "2020-12-31", "reportedCurrency": "USD", "grossProfit": "2000", "totalRevenue": "130000", "costOfRevenue": "128000", "costofGoodsAndServicesSold": "128000", "operatingIncome": "-1559000", "sellingGeneralAndAdministrative": "803000", "researchAndDevelopment": "758000", "operatingExpenses": "1561000", "investmentIncomeNet": "None", "netInterestIncome": "-63000", "interestIncome": "None", "interestExpense": "63000", "nonInterestIncome": "None", "otherNonOperatingIncome": "-63000", "depreciation": "None", "depreciationAndAmortization": "60000", "incomeBeforeTax": "-1622000", "incomeTaxExpense": "None", "interestAndDebtExpense": "None", "netIncomeFromContinuingOperations": "-1622000", "comprehensiveIncomeNetOfTax": "None", "ebit": "-1559000", "ebitda": "-1499000", "netIncome": "-1622000"}, {"fiscalDateEnding": "2020-09-30", "reportedCurrency": "USD", "grossProfit": "27000", "totalRevenue": "140000", "costOfRevenue": "113000", "costofGoodsAndServicesSold": "113000", "operatingIncome": "-2052000", "sellingGeneralAndAdministrative": "926000", "researchAndDevelopment": "609000", "operatingExpenses": "2079000", "investmentIncomeNet": "None", "netInterestIncome": "-59000", "interestIncome": "None", "interestExpense": "59000", "nonInterestIncome": "None", "otherNonOperatingIncome": "-59000", "depreciation": "None", "depreciationAndAmortization": "81000", "incomeBeforeTax": "-2111000", "incomeTaxExpense": "603000", "interestAndDebtExpense": "None", "netIncomeFromContinuingOperations": "-2111000", "comprehensiveIncomeNetOfTax": "None", "ebit": "-1508000", "ebitda": "-1427000", "netIncome": "-2111000"}, {"fiscalDateEnding": "2020-06-30", "reportedCurrency": "USD", "grossProfit": "22000", "totalRevenue": "164000", "costOfRevenue": "142000", "costofGoodsAndServicesSold": "142000", "operatingIncome": "-2018000", "sellingGeneralAndAdministrative": "1211000", "researchAndDevelopment": "829000", "operatingExpenses": "2040000", "investmentIncomeNet": "None", "netInterestIncome": "-74000", "interestIncome": "None", "interestExpense": "210000", "nonInterestIncome": "None", "otherNonOperatingIncome": "-74000", "depreciation": "None", "depreciationAndAmortization": "206000", "incomeBeforeTax": "-2092000", "incomeTaxExpense": "186000", "interestAndDebtExpense": "None", "netIncomeFromContinuingOperations": "-2092000", "comprehensiveIncomeNetOfTax": "None", "ebit": "-2018000", "ebitda": "-1812000", "netIncome": "-2092000"}, {"fiscalDateEnding": "2020-03-31", "reportedCurrency": "USD", "grossProfit": "7000", "totalRevenue": "118000", "costOfRevenue": "111000", "costofGoodsAndServicesSold": "111000", "operatingIncome": "-2000000", "sellingGeneralAndAdministrative": "1193000", "researchAndDevelopment": "814000", "operatingExpenses": "2007000", "investmentIncomeNet": "None", "netInterestIncome": "-68000", "interestIncome": "68000", "interestExpense": "68000", "nonInterestIncome": "None", "otherNonOperatingIncome": "-68000", "depreciation": "None", "depreciationAndAmortization": "38000", "incomeBeforeTax": "-2068000", "incomeTaxExpense": "-38000", "interestAndDebtExpense": "None", "netIncomeFromContinuingOperations": "-2068000", "comprehensiveIncomeNetOfTax": "None", "ebit": "-2000000", "ebitda": "-1962000", "netIncome": "-2068000"}, {"fiscalDateEnding": "2019-12-31", "reportedCurrency": "USD", "grossProfit": "9000", "totalRevenue": "205000", "costOfRevenue": "196000", "costofGoodsAndServicesSold": "196000", "operatingIncome": "-2040000", "sellingGeneralAndAdministrative": "1110000", "researchAndDevelopment": "939000", "operatingExpenses": "2049000", "investmentIncomeNet": "None", "netInterestIncome": "-43000", "interestIncome": "43000", "interestExpense": "43000", "nonInterestIncome": "None", "otherNonOperatingIncome": "-43000", "depreciation": "None", "depreciationAndAmortization": "148000", "incomeBeforeTax": "-2083000", "incomeTaxExpense": "-148000", "interestAndDebtExpense": "None", "netIncomeFromContinuingOperations": "-2083000", "comprehensiveIncomeNetOfTax": "None", "ebit": "-2040000", "ebitda": "-1892000", "netIncome": "-2083000"}, {"fiscalDateEnding": "2019-09-30", "reportedCurrency": "USD", "grossProfit": "1000", "totalRevenue": "1000", "costOfRevenue": "79000", "costofGoodsAndServicesSold": "79000", "operatingIncome": "-2056000", "sellingGeneralAndAdministrative": "1202000", "researchAndDevelopment": "855000", "operatingExpenses": "2057000", "investmentIncomeNet": "None", "netInterestIncome": "-12000", "interestIncome": "12000", "interestExpense": "12000", "nonInterestIncome": "None", "otherNonOperatingIncome": "-12000", "depreciation": "None", "depreciationAndAmortization": "141000", "incomeBeforeTax": "-2068000", "incomeTaxExpense": "None", "interestAndDebtExpense": "None", "netIncomeFromContinuingOperations": "-2068000", "comprehensiveIncomeNetOfTax": "None", "ebit": "-2056000", "ebitda": "-1915000", "netIncome": "-2068000"}, {"fiscalDateEnding": "2019-06-30", "reportedCurrency": "USD", "grossProfit": "8000", "totalRevenue": "87000", "costOfRevenue": "79000", "costofGoodsAndServicesSold": "79000", "operatingIncome": "-1752000", "sellingGeneralAndAdministrative": "1209000", "researchAndDevelopment": "551000", "operatingExpenses": "1760000", "investmentIncomeNet": "None", "netInterestIncome": "10000", "interestIncome": "10000", "interestExpense": "13000", "nonInterestIncome": "None", "otherNonOperatingIncome": "10000", "depreciation": "None", "depreciationAndAmortization": "62000", "incomeBeforeTax": "-1742000", "incomeTaxExpense": "925000", "interestAndDebtExpense": "None", "netIncomeFromContinuingOperations": "-1742000", "comprehensiveIncomeNetOfTax": "None", "ebit": "-1752000", "ebitda": "-1690000", "netIncome": "-1742000"}, {"fiscalDateEnding": "2019-03-31", "reportedCurrency": "USD", "grossProfit": "0", "totalRevenue": "0", "costOfRevenue": "11000", "costofGoodsAndServicesSold": "11000", "operatingIncome": "-2264000", "sellingGeneralAndAdministrative": "1238000", "researchAndDevelopment": "1026000", "operatingExpenses": "2264000", "investmentIncomeNet": "None", "netInterestIncome": "12000", "interestIncome": "12000", "interestExpense": "12000", "nonInterestIncome": "None", "otherNonOperatingIncome": "12000", "depreciation": "None", "depreciationAndAmortization": "64000", "incomeBeforeTax": "-2252000", "incomeTaxExpense": "-858000", "interestAndDebtExpense": "None", "netIncomeFromContinuingOperations": "-1394000", "comprehensiveIncomeNetOfTax": "None", "ebit": "-2264000", "ebitda": "-2200000", "netIncome": "-1394000"}, {"fiscalDateEnding": "2018-12-31", "reportedCurrency": "USD", "grossProfit": "7000", "totalRevenue": "7000", "costOfRevenue": "24000", "costofGoodsAndServicesSold": "24000", "operatingIncome": "-2176000", "sellingGeneralAndAdministrative": "1286000", "researchAndDevelopment": "897000", "operatingExpenses": "2183000", "investmentIncomeNet": "None", "netInterestIncome": "None", "interestIncome": "None", "interestExpense": "12000", "nonInterestIncome": "None", "otherNonOperatingIncome": "16000", "depreciation": "None", "depreciationAndAmortization": "67000", "incomeBeforeTax": "-2160000", "incomeTaxExpense": "-67000", "interestAndDebtExpense": "None", "netIncomeFromContinuingOperations": "-2160000", "comprehensiveIncomeNetOfTax": "None", "ebit": "-2176000", "ebitda": "-2109000", "netIncome": "-2160000"}, {"fiscalDateEnding": "2018-09-30", "reportedCurrency": "USD", "grossProfit": "22000", "totalRevenue": "33000", "costOfRevenue": "11000", "costofGoodsAndServicesSold": "11000", "operatingIncome": "-2225000", "sellingGeneralAndAdministrative": "1144000", "researchAndDevelopment": "1103000", "operatingExpenses": "2247000", "investmentIncomeNet": "None", "netInterestIncome": "None", "interestIncome": "None", "interestExpense": "13000", "nonInterestIncome": "None", "otherNonOperatingIncome": "-13000", "depreciation": "None", "depreciationAndAmortization": "75000", "incomeBeforeTax": "-2238000", "incomeTaxExpense": "1693000", "interestAndDebtExpense": "None", "netIncomeFromContinuingOperations": "-2238000", "comprehensiveIncomeNetOfTax": "None", "ebit": "-2225000", "ebitda": "-2150000", "netIncome": "-2238000"}, {"fiscalDateEnding": "2018-06-30", "reportedCurrency": "USD", "grossProfit": "33000", "totalRevenue": "45000", "costOfRevenue": "12000", "costofGoodsAndServicesSold": "12000", "operatingIncome": "-4236000", "sellingGeneralAndAdministrative": "1232000", "researchAndDevelopment": "1344000", "operatingExpenses": "2576000", "investmentIncomeNet": "None", "netInterestIncome": "None", "interestIncome": "None", "interestExpense": "17000", "nonInterestIncome": "None", "otherNonOperatingIncome": "-17000", "depreciation": "None", "depreciationAndAmortization": "170000", "incomeBeforeTax": "-4253000", "incomeTaxExpense": "1693000", "interestAndDebtExpense": "None", "netIncomeFromContinuingOperations": "-4253000", "comprehensiveIncomeNetOfTax": "None", "ebit": "-2543000", "ebitda": "-2373000", "netIncome": "-4253000"}, {"fiscalDateEnding": "2018-03-31", "reportedCurrency": "USD", "grossProfit": "-17000", "totalRevenue": "41000", "costOfRevenue": "2656000", "costofGoodsAndServicesSold": "2656000", "operatingIncome": "-2858000", "sellingGeneralAndAdministrative": "1363000", "researchAndDevelopment": "1495000", "operatingExpenses": "2858000", "investmentIncomeNet": "None", "netInterestIncome": "None", "interestIncome": "None", "interestExpense": "17000", "nonInterestIncome": "None", "otherNonOperatingIncome": "3000", "depreciation": "None", "depreciationAndAmortization": "202000", "incomeBeforeTax": "-2855000", "incomeTaxExpense": "0", "interestAndDebtExpense": "None", "netIncomeFromContinuingOperations": "-2855000", "comprehensiveIncomeNetOfTax": "None", "ebit": "-2858000", "ebitda": "-2656000", "netIncome": "-2855000"}, {"fiscalDateEnding": "2017-12-31", "reportedCurrency": "USD", "grossProfit": "17000", "totalRevenue": "41000", "costOfRevenue": "24000", "costofGoodsAndServicesSold": "24000", "operatingIncome": "-3167000", "sellingGeneralAndAdministrative": "1602000", "researchAndDevelopment": "1582000", "operatingExpenses": "3184000", "investmentIncomeNet": "None", "netInterestIncome": "None", "interestIncome": "None", "interestExpense": "17000", "nonInterestIncome": "None", "otherNonOperatingIncome": "30000", "depreciation": "None", "depreciationAndAmortization": "195000", "incomeBeforeTax": "-3137000", "incomeTaxExpense": "-195000", "interestAndDebtExpense": "None", "netIncomeFromContinuingOperations": "-3137000", "comprehensiveIncomeNetOfTax": "None", "ebit": "-3167000", "ebitda": "-2972000", "netIncome": "-3137000"}, {"fiscalDateEnding": "2017-09-30", "reportedCurrency": "USD", "grossProfit": "309000", "totalRevenue": "391000", "costOfRevenue": "82000", "costofGoodsAndServicesSold": "82000", "operatingIncome": "-3076000", "sellingGeneralAndAdministrative": "1407000", "researchAndDevelopment": "1669000", "operatingExpenses": "3076000", "investmentIncomeNet": "None", "netInterestIncome": "None", "interestIncome": "None", "interestExpense": "0", "nonInterestIncome": "None", "otherNonOperatingIncome": "70000", "depreciation": "None", "depreciationAndAmortization": "198000", "incomeBeforeTax": "-3006000", "incomeTaxExpense": "0", "interestAndDebtExpense": "None", "netIncomeFromContinuingOperations": "-3006000", "comprehensiveIncomeNetOfTax": "None", "ebit": "-3076000", "ebitda": "-2878000", "netIncome": "-3006000"}, {"fiscalDateEnding": "2017-06-30", "reportedCurrency": "USD", "grossProfit": "309000", "totalRevenue": "391000", "costOfRevenue": "82000", "costofGoodsAndServicesSold": "82000", "operatingIncome": "-2862000", "sellingGeneralAndAdministrative": "1691000", "researchAndDevelopment": "1480000", "operatingExpenses": "3171000", "investmentIncomeNet": "None", "netInterestIncome": "None", "interestIncome": "None", "interestExpense": "232000", "nonInterestIncome": "None", "otherNonOperatingIncome": "74000", "depreciation": "None", "depreciationAndAmortization": "182000", "incomeBeforeTax": "-2788000", "incomeTaxExpense": "-24000", "interestAndDebtExpense": "None", "netIncomeFromContinuingOperations": "-2755000", "comprehensiveIncomeNetOfTax": "None", "ebit": "-2862000", "ebitda": "-2680000", "netIncome": "-2764000"}, {"fiscalDateEnding": "2017-03-31", "reportedCurrency": "USD", "grossProfit": "250000", "totalRevenue": "411000", "costOfRevenue": "161000", "costofGoodsAndServicesSold": "161000", "operatingIncome": "-2944000", "sellingGeneralAndAdministrative": "1633000", "researchAndDevelopment": "1561000", "operatingExpenses": "3194000", "investmentIncomeNet": "None", "netInterestIncome": "None", "interestIncome": "None", "interestExpense": "99000", "nonInterestIncome": "None", "otherNonOperatingIncome": "99000", "depreciation": "None", "depreciationAndAmortization": "197000", "incomeBeforeTax": "-2845000", "incomeTaxExpense": "2000", "interestAndDebtExpense": "None", "netIncomeFromContinuingOperations": "-2847000", "comprehensiveIncomeNetOfTax": "None", "ebit": "-2944000", "ebitda": "-2747000", "netIncome": "-2800000"}, {"fiscalDateEnding": "2016-12-31", "reportedCurrency": "USD", "grossProfit": "201000", "totalRevenue": "520000", "costOfRevenue": "319000", "costofGoodsAndServicesSold": "319000", "operatingIncome": "-2689000", "sellingGeneralAndAdministrative": "1636000", "researchAndDevelopment": "1254000", "operatingExpenses": "2890000", "investmentIncomeNet": "None", "netInterestIncome": "None", "interestIncome": "None", "interestExpense": "35000", "nonInterestIncome": "None", "otherNonOperatingIncome": "35000", "depreciation": "None", "depreciationAndAmortization": "165000", "incomeBeforeTax": "-2654000", "incomeTaxExpense": "-2653870", "interestAndDebtExpense": "None", "netIncomeFromContinuingOperations": "-2654000", "comprehensiveIncomeNetOfTax": "None", "ebit": "-2689000", "ebitda": "-2524000", "netIncome": "-2603000"}, {"fiscalDateEnding": "2016-09-30", "reportedCurrency": "USD", "grossProfit": "275000", "totalRevenue": "1006000", "costOfRevenue": "731000", "costofGoodsAndServicesSold": "731000", "operatingIncome": "-3565000", "sellingGeneralAndAdministrative": "2548000", "researchAndDevelopment": "1292000", "operatingExpenses": "3840000", "investmentIncomeNet": "None", "netInterestIncome": "None", "interestIncome": "None", "interestExpense": "98000", "nonInterestIncome": "None", "otherNonOperatingIncome": "98000", "depreciation": "None", "depreciationAndAmortization": "187000", "incomeBeforeTax": "-3467000", "incomeTaxExpense": "-3466830", "interestAndDebtExpense": "None", "netIncomeFromContinuingOperations": "-3500000", "comprehensiveIncomeNetOfTax": "None", "ebit": "-3565000", "ebitda": "-3378000", "netIncome": "-3415000"}, {"fiscalDateEnding": "2016-06-30", "reportedCurrency": "USD", "grossProfit": "202000", "totalRevenue": "1548000", "costOfRevenue": "1346000", "costofGoodsAndServicesSold": "1346000", "operatingIncome": "-3650000", "sellingGeneralAndAdministrative": "1876000", "researchAndDevelopment": "1976000", "operatingExpenses": "3852000", "investmentIncomeNet": "None", "netInterestIncome": "None", "interestIncome": "None", "interestExpense": "279000", "nonInterestIncome": "None", "otherNonOperatingIncome": "100000", "depreciation": "None", "depreciationAndAmortization": "167000", "incomeBeforeTax": "-3550000", "incomeTaxExpense": "-16000", "interestAndDebtExpense": "None", "netIncomeFromContinuingOperations": "-3534000", "comprehensiveIncomeNetOfTax": "None", "ebit": "-3658000", "ebitda": "-3491000", "netIncome": "-3463000"}, {"fiscalDateEnding": "2016-03-31", "reportedCurrency": "USD", "grossProfit": "-158000", "totalRevenue": "196000", "costOfRevenue": "354000", "costofGoodsAndServicesSold": "354000", "operatingIncome": "-3936000", "sellingGeneralAndAdministrative": "1875000", "researchAndDevelopment": "1903000", "operatingExpenses": "3778000", "investmentIncomeNet": "None", "netInterestIncome": "None", "interestIncome": "None", "interestExpense": "86000", "nonInterestIncome": "None", "otherNonOperatingIncome": "86000", "depreciation": "None", "depreciationAndAmortization": "142000", "incomeBeforeTax": "-3850000", "incomeTaxExpense": "-11000", "interestAndDebtExpense": "None", "netIncomeFromContinuingOperations": "-3839000", "comprehensiveIncomeNetOfTax": "None", "ebit": "-3928000", "ebitda": "-3786000", "netIncome": "-3742000"}, {"fiscalDateEnding": "2015-12-31", "reportedCurrency": "USD", "grossProfit": "295000", "totalRevenue": "927000", "costOfRevenue": "632000", "costofGoodsAndServicesSold": "632000", "operatingIncome": "-2702000", "sellingGeneralAndAdministrative": "1671000", "researchAndDevelopment": "1326000", "operatingExpenses": "2997000", "investmentIncomeNet": "None", "netInterestIncome": "None", "interestIncome": "None", "interestExpense": "94000", "nonInterestIncome": "None", "otherNonOperatingIncome": "94000", "depreciation": "None", "depreciationAndAmortization": "141000", "incomeBeforeTax": "-2608000", "incomeTaxExpense": "-2607880", "interestAndDebtExpense": "None", "netIncomeFromContinuingOperations": "-2608000", "comprehensiveIncomeNetOfTax": "None", "ebit": "-2716000", "ebitda": "-2575000", "netIncome": "-2526000"}, {"fiscalDateEnding": "2015-09-30", "reportedCurrency": "USD", "grossProfit": "34000", "totalRevenue": "177000", "costOfRevenue": "143000", "costofGoodsAndServicesSold": "143000", "operatingIncome": "-3550000", "sellingGeneralAndAdministrative": "2286000", "researchAndDevelopment": "1264000", "operatingExpenses": "3550000", "investmentIncomeNet": "None", "netInterestIncome": "None", "interestIncome": "None", "interestExpense": "99000", "nonInterestIncome": "None", "otherNonOperatingIncome": "99000", "depreciation": "None", "depreciationAndAmortization": "122000", "incomeBeforeTax": "-3451000", "incomeTaxExpense": "2000", "interestAndDebtExpense": "None", "netIncomeFromContinuingOperations": "-3453000", "comprehensiveIncomeNetOfTax": "None", "ebit": "-3550000", "ebitda": "-3428000", "netIncome": "-3364000"}, {"fiscalDateEnding": "2015-06-30", "reportedCurrency": "USD", "grossProfit": "34000", "totalRevenue": "177000", "costOfRevenue": "143000", "costofGoodsAndServicesSold": "143000", "operatingIncome": "-8178000", "sellingGeneralAndAdministrative": "7313000", "researchAndDevelopment": "899000", "operatingExpenses": "8212000", "investmentIncomeNet": "None", "netInterestIncome": "None", "interestIncome": "None", "interestExpense": "212000", "nonInterestIncome": "None", "otherNonOperatingIncome": "112000", "depreciation": "None", "depreciationAndAmortization": "91000", "incomeBeforeTax": "-8066000", "incomeTaxExpense": "-2988000", "interestAndDebtExpense": "None", "netIncomeFromContinuingOperations": "-5078000", "comprehensiveIncomeNetOfTax": "None", "ebit": "-8178000", "ebitda": "-8087000", "netIncome": "-7983000"}, {"fiscalDateEnding": "2015-03-31", "reportedCurrency": "USD", "grossProfit": "12000", "totalRevenue": "12000", "costOfRevenue": "2261000", "costofGoodsAndServicesSold": "2261000", "operatingIncome": "-2328000", "sellingGeneralAndAdministrative": "1681000", "researchAndDevelopment": "659000", "operatingExpenses": "2340000", "investmentIncomeNet": "None", "netInterestIncome": "None", "interestIncome": "None", "interestExpense": "0", "nonInterestIncome": "None", "otherNonOperatingIncome": "76000", "depreciation": "None", "depreciationAndAmortization": "79000", "incomeBeforeTax": "-2252000", "incomeTaxExpense": "-894000", "interestAndDebtExpense": "None", "netIncomeFromContinuingOperations": "-1358000", "comprehensiveIncomeNetOfTax": "None", "ebit": "-2328000", "ebitda": "-2249000", "netIncome": "-2100000"}, {"fiscalDateEnding": "2014-12-31", "reportedCurrency": "USD", "grossProfit": "0", "totalRevenue": "4000", "costOfRevenue": "4000", "costofGoodsAndServicesSold": "4000", "operatingIncome": "-2996000", "sellingGeneralAndAdministrative": "2012000", "researchAndDevelopment": "984000", "operatingExpenses": "2996000", "investmentIncomeNet": "None", "netInterestIncome": "None", "interestIncome": "None", "interestExpense": "0", "nonInterestIncome": "None", "otherNonOperatingIncome": "24000", "depreciation": "None", "depreciationAndAmortization": "65000", "incomeBeforeTax": "-2972000", "incomeTaxExpense": "-734000", "interestAndDebtExpense": "None", "netIncomeFromContinuingOperations": "-2238000", "comprehensiveIncomeNetOfTax": "None", "ebit": "-2996000", "ebitda": "-2931000", "netIncome": "-2422000"}, {"fiscalDateEnding": "2014-09-30", "reportedCurrency": "USD", "grossProfit": "43000", "totalRevenue": "320000", "costOfRevenue": "277000", "costofGoodsAndServicesSold": "277000", "operatingIncome": "-2609000", "sellingGeneralAndAdministrative": "1960000", "researchAndDevelopment": "692000", "operatingExpenses": "2652000", "investmentIncomeNet": "None", "netInterestIncome": "None", "interestIncome": "None", "interestExpense": "12000", "nonInterestIncome": "None", "otherNonOperatingIncome": "12000", "depreciation": "None", "depreciationAndAmortization": "85000", "incomeBeforeTax": "-2597000", "incomeTaxExpense": "-1325000", "interestAndDebtExpense": "None", "netIncomeFromContinuingOperations": "-1272000", "comprehensiveIncomeNetOfTax": "None", "ebit": "-2609000", "ebitda": "-2524000", "netIncome": "23283000"}, {"fiscalDateEnding": "2014-06-30", "reportedCurrency": "USD", "grossProfit": "3011000", "totalRevenue": "5640000", "costOfRevenue": "2629000", "costofGoodsAndServicesSold": "2629000", "operatingIncome": "-1046000", "sellingGeneralAndAdministrative": "3353000", "researchAndDevelopment": "704000", "operatingExpenses": "4057000", "investmentIncomeNet": "None", "netInterestIncome": "None", "interestIncome": "None", "interestExpense": "4000", "nonInterestIncome": "None", "otherNonOperatingIncome": "-4000", "depreciation": "None", "depreciationAndAmortization": "577000", "incomeBeforeTax": "-1050000", "incomeTaxExpense": "-3000", "interestAndDebtExpense": "None", "netIncomeFromContinuingOperations": "-1049000", "comprehensiveIncomeNetOfTax": "None", "ebit": "-1046000", "ebitda": "-469000", "netIncome": "-820000"}, {"fiscalDateEnding": "2014-03-31", "reportedCurrency": "USD", "grossProfit": "-752000", "totalRevenue": "1556000", "costOfRevenue": "2308000", "costofGoodsAndServicesSold": "2308000", "operatingIncome": "-2990000", "sellingGeneralAndAdministrative": "1593000", "researchAndDevelopment": "645000", "operatingExpenses": "2238000", "investmentIncomeNet": "None", "netInterestIncome": "None", "interestIncome": "None", "interestExpense": "61000", "nonInterestIncome": "None", "otherNonOperatingIncome": "-61000", "depreciation": "None", "depreciationAndAmortization": "566000", "incomeBeforeTax": "-3051000", "incomeTaxExpense": "2000", "interestAndDebtExpense": "None", "netIncomeFromContinuingOperations": "-3053000", "comprehensiveIncomeNetOfTax": "None", "ebit": "-2518000", "ebitda": "-1952000", "netIncome": "-2837000"}, {"fiscalDateEnding": "2013-12-31", "reportedCurrency": "USD", "grossProfit": "-144000", "totalRevenue": "2538000", "costOfRevenue": "2682000", "costofGoodsAndServicesSold": "2682000", "operatingIncome": "-2703000", "sellingGeneralAndAdministrative": "2209000", "researchAndDevelopment": "350000", "operatingExpenses": "2559000", "investmentIncomeNet": "None", "netInterestIncome": "None", "interestIncome": "None", "interestExpense": "65000", "nonInterestIncome": "None", "otherNonOperatingIncome": "-65000", "depreciation": "None", "depreciationAndAmortization": "576000", "incomeBeforeTax": "-2768000", "incomeTaxExpense": "6000", "interestAndDebtExpense": "None", "netIncomeFromContinuingOperations": "-2774000", "comprehensiveIncomeNetOfTax": "None", "ebit": "-2799000", "ebitda": "-2223000", "netIncome": "-2554000"}, {"fiscalDateEnding": "2013-09-30", "reportedCurrency": "USD", "grossProfit": "3603000", "totalRevenue": "6689000", "costOfRevenue": "3086000", "costofGoodsAndServicesSold": "3086000", "operatingIncome": "1060000", "sellingGeneralAndAdministrative": "1738000", "researchAndDevelopment": "805000", "operatingExpenses": "2543000", "investmentIncomeNet": "None", "netInterestIncome": "None", "interestIncome": "None", "interestExpense": "44000", "nonInterestIncome": "None", "otherNonOperatingIncome": "-52000", "depreciation": "None", "depreciationAndAmortization": "594000", "incomeBeforeTax": "1008000", "incomeTaxExpense": "-245000", "interestAndDebtExpense": "None", "netIncomeFromContinuingOperations": "1008000", "comprehensiveIncomeNetOfTax": "None", "ebit": "-2867000", "ebitda": "-2273000", "netIncome": "1253000"}, {"fiscalDateEnding": "2013-06-30", "reportedCurrency": "USD", "grossProfit": "4077000", "totalRevenue": "9180000", "costOfRevenue": "5103000", "costofGoodsAndServicesSold": "5103000", "operatingIncome": "2042000", "sellingGeneralAndAdministrative": "1449000", "researchAndDevelopment": "586000", "operatingExpenses": "2035000", "investmentIncomeNet": "None", "netInterestIncome": "None", "interestIncome": "None", "interestExpense": "61000", "nonInterestIncome": "None", "otherNonOperatingIncome": "None", "depreciation": "None", "depreciationAndAmortization": "563000", "incomeBeforeTax": "1999000", "incomeTaxExpense": "0", "interestAndDebtExpense": "None", "netIncomeFromContinuingOperations": "0", "comprehensiveIncomeNetOfTax": "None", "ebit": "2042000", "ebitda": "2605000", "netIncome": "2155000"}, {"fiscalDateEnding": "2013-03-31", "reportedCurrency": "USD", "grossProfit": "2015000", "totalRevenue": "4565000", "costOfRevenue": "2550000", "costofGoodsAndServicesSold": "2550000", "operatingIncome": "-202000", "sellingGeneralAndAdministrative": "1758000", "researchAndDevelopment": "459000", "operatingExpenses": "2217000", "investmentIncomeNet": "None", "netInterestIncome": "None", "interestIncome": "None", "interestExpense": "36000", "nonInterestIncome": "None", "otherNonOperatingIncome": "-36000", "depreciation": "None", "depreciationAndAmortization": "520000", "incomeBeforeTax": "-238000", "incomeTaxExpense": "-125000", "interestAndDebtExpense": "None", "netIncomeFromContinuingOperations": "-238000", "comprehensiveIncomeNetOfTax": "None", "ebit": "-202000", "ebitda": "318000", "netIncome": "-113000"}, {"fiscalDateEnding": "2012-12-31", "reportedCurrency": "USD", "grossProfit": "997000", "totalRevenue": "4122000", "costOfRevenue": "3125000", "costofGoodsAndServicesSold": "3125000", "operatingIncome": "-880000", "sellingGeneralAndAdministrative": "1484000", "researchAndDevelopment": "393000", "operatingExpenses": "1877000", "investmentIncomeNet": "None", "netInterestIncome": "None", "interestIncome": "None", "interestExpense": "46000", "nonInterestIncome": "None", "otherNonOperatingIncome": "None", "depreciation": "None", "depreciationAndAmortization": "525000", "incomeBeforeTax": "-926000", "incomeTaxExpense": "-116000", "interestAndDebtExpense": "None", "netIncomeFromContinuingOperations": "0", "comprehensiveIncomeNetOfTax": "None", "ebit": "-880000", "ebitda": "-355000", "netIncome": "-810000"}, {"fiscalDateEnding": "2012-09-30", "reportedCurrency": "USD", "grossProfit": "1221000", "totalRevenue": "6128000", "costOfRevenue": "4907000", "costofGoodsAndServicesSold": "4907000", "operatingIncome": "-1520000", "sellingGeneralAndAdministrative": "2099000", "researchAndDevelopment": "642000", "operatingExpenses": "2741000", "investmentIncomeNet": "None", "netInterestIncome": "None", "interestIncome": "None", "interestExpense": "38000", "nonInterestIncome": "None", "otherNonOperatingIncome": "-38000", "depreciation": "None", "depreciationAndAmortization": "507000", "incomeBeforeTax": "-1558000", "incomeTaxExpense": "-141000", "interestAndDebtExpense": "None", "netIncomeFromContinuingOperations": "-1558000", "comprehensiveIncomeNetOfTax": "None", "ebit": "-1520000", "ebitda": "-1013000", "netIncome": "-1417000"}, {"fiscalDateEnding": "2012-06-30", "reportedCurrency": "USD", "grossProfit": "1623000", "totalRevenue": "7609000", "costOfRevenue": "5986000", "costofGoodsAndServicesSold": "5986000", "operatingIncome": "-585000", "sellingGeneralAndAdministrative": "1616000", "researchAndDevelopment": "592000", "operatingExpenses": "2208000", "investmentIncomeNet": "None", "netInterestIncome": "None", "interestIncome": "None", "interestExpense": "824000", "nonInterestIncome": "None", "otherNonOperatingIncome": "-824000", "depreciation": "None", "depreciationAndAmortization": "501000", "incomeBeforeTax": "-1409000", "incomeTaxExpense": "-134000", "interestAndDebtExpense": "None", "netIncomeFromContinuingOperations": "-1409000", "comprehensiveIncomeNetOfTax": "None", "ebit": "-585000", "ebitda": "-84000", "netIncome": "-1275000"}, {"fiscalDateEnding": "2012-03-31", "reportedCurrency": "USD", "grossProfit": "3243000", "totalRevenue": "10013000", "costOfRevenue": "6770000", "costofGoodsAndServicesSold": "6770000", "operatingIncome": "954000", "sellingGeneralAndAdministrative": "1814000", "researchAndDevelopment": "475000", "operatingExpenses": "2289000", "investmentIncomeNet": "None", "netInterestIncome": "None", "interestIncome": "None", "interestExpense": "69000", "nonInterestIncome": "None", "otherNonOperatingIncome": "-69000", "depreciation": "None", "depreciationAndAmortization": "556000", "incomeBeforeTax": "885000", "incomeTaxExpense": "5000", "interestAndDebtExpense": "None", "netIncomeFromContinuingOperations": "880000", "comprehensiveIncomeNetOfTax": "None", "ebit": "398000", "ebitda": "954000", "netIncome": "1014000"}, {"fiscalDateEnding": "2011-12-31", "reportedCurrency": "USD", "grossProfit": "568000", "totalRevenue": "3676000", "costOfRevenue": "3108000", "costofGoodsAndServicesSold": "3108000", "operatingIncome": "-1886000", "sellingGeneralAndAdministrative": "1708000", "researchAndDevelopment": "746000", "operatingExpenses": "2454000", "investmentIncomeNet": "None", "netInterestIncome": "None", "interestIncome": "None", "interestExpense": "59000", "nonInterestIncome": "None", "otherNonOperatingIncome": "-59000", "depreciation": "None", "depreciationAndAmortization": "594000", "incomeBeforeTax": "-1945000", "incomeTaxExpense": "7000", "interestAndDebtExpense": "None", "netIncomeFromContinuingOperations": "-1952000", "comprehensiveIncomeNetOfTax": "None", "ebit": "-1886000", "ebitda": "-1292000", "netIncome": "-1786000"}, {"fiscalDateEnding": "2011-09-30", "reportedCurrency": "USD", "grossProfit": "1914000", "totalRevenue": "4840000", "costOfRevenue": "2926000", "costofGoodsAndServicesSold": "2926000", "operatingIncome": "-773000", "sellingGeneralAndAdministrative": "1929000", "researchAndDevelopment": "758000", "operatingExpenses": "2687000", "investmentIncomeNet": "None", "netInterestIncome": "None", "interestIncome": "None", "interestExpense": "74000", "nonInterestIncome": "None", "otherNonOperatingIncome": "-74000", "depreciation": "None", "depreciationAndAmortization": "592000", "incomeBeforeTax": "-847000", "incomeTaxExpense": "5000", "interestAndDebtExpense": "None", "netIncomeFromContinuingOperations": "-852000", "comprehensiveIncomeNetOfTax": "None", "ebit": "-773000", "ebitda": "-181000", "netIncome": "-666000"}, {"fiscalDateEnding": "2011-06-30", "reportedCurrency": "USD", "grossProfit": "880000", "totalRevenue": "4482000", "costOfRevenue": "3602000", "costofGoodsAndServicesSold": "3602000", "operatingIncome": "-2027000", "sellingGeneralAndAdministrative": "2035000", "researchAndDevelopment": "872000", "operatingExpenses": "2907000", "investmentIncomeNet": "None", "netInterestIncome": "None", "interestIncome": "None", "interestExpense": "71000", "nonInterestIncome": "None", "otherNonOperatingIncome": "None", "depreciation": "None", "depreciationAndAmortization": "641000", "incomeBeforeTax": "-2098000", "incomeTaxExpense": "-69000", "interestAndDebtExpense": "None", "netIncomeFromContinuingOperations": "0", "comprehensiveIncomeNetOfTax": "None", "ebit": "-2027000", "ebitda": "-1386000", "netIncome": "-1812000"}, {"fiscalDateEnding": "2011-03-31", "reportedCurrency": "USD", "grossProfit": "2578000", "totalRevenue": "5720000", "costOfRevenue": "3142000", "costofGoodsAndServicesSold": "3142000", "operatingIncome": "-619000", "sellingGeneralAndAdministrative": "1941000", "researchAndDevelopment": "1256000", "operatingExpenses": "3197000", "investmentIncomeNet": "None", "netInterestIncome": "None", "interestIncome": "None", "interestExpense": "70000", "nonInterestIncome": "None", "otherNonOperatingIncome": "None", "depreciation": "None", "depreciationAndAmortization": "570000", "incomeBeforeTax": "-689000", "incomeTaxExpense": "5000", "interestAndDebtExpense": "None", "netIncomeFromContinuingOperations": "0", "comprehensiveIncomeNetOfTax": "None", "ebit": "-619000", "ebitda": "-49000", "netIncome": "-446000"}, {"fiscalDateEnding": "2010-12-31", "reportedCurrency": "USD", "grossProfit": "1203000", "totalRevenue": "4641000", "costOfRevenue": "3438000", "costofGoodsAndServicesSold": "3438000", "operatingIncome": "-1799000", "sellingGeneralAndAdministrative": "2119000", "researchAndDevelopment": "883000", "operatingExpenses": "3002000", "investmentIncomeNet": "None", "netInterestIncome": "None", "interestIncome": "None", "interestExpense": "35000", "nonInterestIncome": "None", "otherNonOperatingIncome": "None", "depreciation": "None", "depreciationAndAmortization": "554000", "incomeBeforeTax": "-1834000", "incomeTaxExpense": "5000", "interestAndDebtExpense": "None", "netIncomeFromContinuingOperations": "0", "comprehensiveIncomeNetOfTax": "None", "ebit": "-1799000", "ebitda": "-1245000", "netIncome": "-1562000"}, {"fiscalDateEnding": "2010-09-30", "reportedCurrency": "USD", "grossProfit": "1820000", "totalRevenue": "5306000", "costOfRevenue": "3486000", "costofGoodsAndServicesSold": "3486000", "operatingIncome": "-1310000", "sellingGeneralAndAdministrative": "2307000", "researchAndDevelopment": "823000", "operatingExpenses": "3130000", "investmentIncomeNet": "None", "netInterestIncome": "None", "interestIncome": "None", "interestExpense": "103000", "nonInterestIncome": "None", "otherNonOperatingIncome": "None", "depreciation": "None", "depreciationAndAmortization": "550000", "incomeBeforeTax": "-1413000", "incomeTaxExpense": "6000", "interestAndDebtExpense": "None", "netIncomeFromContinuingOperations": "0", "comprehensiveIncomeNetOfTax": "None", "ebit": "-1310000", "ebitda": "-760000", "netIncome": "-1163000"}, {"fiscalDateEnding": "2010-06-30", "reportedCurrency": "USD", "grossProfit": "1594000", "totalRevenue": "5490000", "costOfRevenue": "3896000", "costofGoodsAndServicesSold": "3896000", "operatingIncome": "-1740000", "sellingGeneralAndAdministrative": "2655000", "researchAndDevelopment": "679000", "operatingExpenses": "3334000", "investmentIncomeNet": "None", "netInterestIncome": "None", "interestIncome": "None", "interestExpense": "93000", "nonInterestIncome": "None", "otherNonOperatingIncome": "None", "depreciation": "None", "depreciationAndAmortization": "534000", "incomeBeforeTax": "-1833000", "incomeTaxExpense": "-262000", "interestAndDebtExpense": "None", "netIncomeFromContinuingOperations": "0", "comprehensiveIncomeNetOfTax": "None", "ebit": "-1740000", "ebitda": "-1206000", "netIncome": "-1571000"}, {"fiscalDateEnding": "2010-03-31", "reportedCurrency": "USD", "grossProfit": "3287000", "totalRevenue": "6647000", "costOfRevenue": "3360000", "costofGoodsAndServicesSold": "3360000", "operatingIncome": "-1000000", "sellingGeneralAndAdministrative": "3170000", "researchAndDevelopment": "1117000", "operatingExpenses": "4287000", "investmentIncomeNet": "None", "netInterestIncome": "None", "interestIncome": "None", "interestExpense": "26000", "nonInterestIncome": "None", "otherNonOperatingIncome": "None", "depreciation": "None", "depreciationAndAmortization": "535000", "incomeBeforeTax": "-1026000", "incomeTaxExpense": "-53000", "interestAndDebtExpense": "None", "netIncomeFromContinuingOperations": "0", "comprehensiveIncomeNetOfTax": "None", "ebit": "-1000000", "ebitda": "-465000", "netIncome": "-647000"}, {"fiscalDateEnding": "2009-12-31", "reportedCurrency": "USD", "grossProfit": "5406000", "totalRevenue": "8080000", "costOfRevenue": "2674000", "costofGoodsAndServicesSold": "2674000", "operatingIncome": "1808000", "sellingGeneralAndAdministrative": "3270000", "researchAndDevelopment": "328000", "operatingExpenses": "3598000", "investmentIncomeNet": "None", "netInterestIncome": "None", "interestIncome": "None", "interestExpense": "79000", "nonInterestIncome": "None", "otherNonOperatingIncome": "None", "depreciation": "None", "depreciationAndAmortization": "526000", "incomeBeforeTax": "1729000", "incomeTaxExpense": "50000", "interestAndDebtExpense": "None", "netIncomeFromContinuingOperations": "0", "comprehensiveIncomeNetOfTax": "None", "ebit": "1282000", "ebitda": "1808000", "netIncome": "1679000"}, {"fiscalDateEnding": "2009-09-30", "reportedCurrency": "USD", "grossProfit": "4834000", "totalRevenue": "7762000", "costOfRevenue": "2928000", "costofGoodsAndServicesSold": "2928000", "operatingIncome": "1085000", "sellingGeneralAndAdministrative": "3075000", "researchAndDevelopment": "674000", "operatingExpenses": "3749000", "investmentIncomeNet": "None", "netInterestIncome": "None", "interestIncome": "None", "interestExpense": "260000", "nonInterestIncome": "None", "otherNonOperatingIncome": "None", "depreciation": "None", "depreciationAndAmortization": "540000", "incomeBeforeTax": "825000", "incomeTaxExpense": "25000", "interestAndDebtExpense": "None", "netIncomeFromContinuingOperations": "0", "comprehensiveIncomeNetOfTax": "None", "ebit": "545000", "ebitda": "1085000", "netIncome": "800000"}, {"fiscalDateEnding": "2009-06-30", "reportedCurrency": "USD", "grossProfit": "6247000", "totalRevenue": "10377000", "costOfRevenue": "4130000", "costofGoodsAndServicesSold": "4130000", "operatingIncome": "2313000", "sellingGeneralAndAdministrative": "3240000", "researchAndDevelopment": "694000", "operatingExpenses": "3934000", "investmentIncomeNet": "None", "netInterestIncome": "None", "interestIncome": "None", "interestExpense": "45000", "nonInterestIncome": "None", "otherNonOperatingIncome": "None", "depreciation": "None", "depreciationAndAmortization": "522000", "incomeBeforeTax": "2020000", "incomeTaxExpense": "-603000", "interestAndDebtExpense": "None", "netIncomeFromContinuingOperations": "0", "comprehensiveIncomeNetOfTax": "None", "ebit": "2065000", "ebitda": "2587000", "netIncome": "2623000"}, {"fiscalDateEnding": "2009-03-31", "reportedCurrency": "USD", "grossProfit": "7024000", "totalRevenue": "11849000", "costOfRevenue": "4825000", "costofGoodsAndServicesSold": "4825000", "operatingIncome": "3800000", "sellingGeneralAndAdministrative": "2671000", "researchAndDevelopment": "553000", "operatingExpenses": "3224000", "investmentIncomeNet": "None", "netInterestIncome": "None", "interestIncome": "None", "interestExpense": "167000", "nonInterestIncome": "None", "otherNonOperatingIncome": "None", "depreciation": "None", "depreciationAndAmortization": "558000", "incomeBeforeTax": "3695000", "incomeTaxExpense": "93000", "interestAndDebtExpense": "None", "netIncomeFromContinuingOperations": "0", "comprehensiveIncomeNetOfTax": "None", "ebit": "3242000", "ebitda": "3800000", "netIncome": "3602000"}, {"fiscalDateEnding": "2008-12-31", "reportedCurrency": "USD", "grossProfit": "536000", "totalRevenue": "3786000", "costOfRevenue": "3250000", "costofGoodsAndServicesSold": "3250000", "operatingIncome": "-2124000", "sellingGeneralAndAdministrative": "2150000", "researchAndDevelopment": "510000", "operatingExpenses": "2660000", "investmentIncomeNet": "None", "netInterestIncome": "None", "interestIncome": "None", "interestExpense": "95000", "nonInterestIncome": "None", "otherNonOperatingIncome": "None", "depreciation": "None", "depreciationAndAmortization": "498000", "incomeBeforeTax": "-1554000", "incomeTaxExpense": "-570000", "interestAndDebtExpense": "None", "netIncomeFromContinuingOperations": "0", "comprehensiveIncomeNetOfTax": "None", "ebit": "-1459000", "ebitda": "-961000", "netIncome": "-1554000"}, {"fiscalDateEnding": "2008-09-30", "reportedCurrency": "USD", "grossProfit": "2456000", "totalRevenue": "5974000", "costOfRevenue": "3518000", "costofGoodsAndServicesSold": "3518000", "operatingIncome": "184000", "sellingGeneralAndAdministrative": "1699000", "researchAndDevelopment": "573000", "operatingExpenses": "2272000", "investmentIncomeNet": "None", "netInterestIncome": "None", "interestIncome": "None", "interestExpense": "223000000", "nonInterestIncome": "None", "otherNonOperatingIncome": "None", "depreciation": "None", "depreciationAndAmortization": "631000", "incomeBeforeTax": "55000", "incomeTaxExpense": "325000", "interestAndDebtExpense": "None", "netIncomeFromContinuingOperations": "0", "comprehensiveIncomeNetOfTax": "None", "ebit": "184000", "ebitda": "815000", "netIncome": "55000"}, {"fiscalDateEnding": "2008-06-30", "reportedCurrency": "USD", "grossProfit": "1560000", "totalRevenue": "6050000", "costOfRevenue": "4490000", "costofGoodsAndServicesSold": "4490000", "operatingIncome": "-1497000", "sellingGeneralAndAdministrative": "2824000", "researchAndDevelopment": "20000", "operatingExpenses": "3057000", "investmentIncomeNet": "None", "netInterestIncome": "None", "interestIncome": "None", "interestExpense": "1232427000", "nonInterestIncome": "None", "otherNonOperatingIncome": "None", "depreciation": "None", "depreciationAndAmortization": "506000", "incomeBeforeTax": "-1170000", "incomeTaxExpense": "325000", "interestAndDebtExpense": "None", "netIncomeFromContinuingOperations": "0", "comprehensiveIncomeNetOfTax": "None", "ebit": "-1497000", "ebitda": "-991000", "netIncome": "-1495000"}, {"fiscalDateEnding": "2008-03-31", "reportedCurrency": "USD", "grossProfit": "2430000", "totalRevenue": "6588000", "costOfRevenue": "4158000", "costofGoodsAndServicesSold": "4158000", "operatingIncome": "-474000", "sellingGeneralAndAdministrative": "2311000", "researchAndDevelopment": "593000", "operatingExpenses": "2904000", "investmentIncomeNet": "None", "netInterestIncome": "None", "interestIncome": "None", "interestExpense": "119000000", "nonInterestIncome": "None", "otherNonOperatingIncome": "None", "depreciation": "None", "depreciationAndAmortization": "430000", "incomeBeforeTax": "-484000", "incomeTaxExpense": "350000", "interestAndDebtExpense": "None", "netIncomeFromContinuingOperations": "0", "comprehensiveIncomeNetOfTax": "None", "ebit": "-474000", "ebitda": "-44000", "netIncome": "-834000"}, {"fiscalDateEnding": "2007-12-31", "reportedCurrency": "USD", "grossProfit": "-145000", "totalRevenue": "4310000", "costOfRevenue": "4455000", "costofGoodsAndServicesSold": "4455000", "operatingIncome": "-2788000", "sellingGeneralAndAdministrative": "2199000", "researchAndDevelopment": "444000", "operatingExpenses": "2643000", "investmentIncomeNet": "None", "netInterestIncome": "None", "interestIncome": "None", "interestExpense": "46000000", "nonInterestIncome": "None", "otherNonOperatingIncome": "None", "depreciation": "None", "depreciationAndAmortization": "615000", "incomeBeforeTax": "-32843000", "incomeTaxExpense": "30055000", "interestAndDebtExpense": "None", "netIncomeFromContinuingOperations": "0", "comprehensiveIncomeNetOfTax": "None", "ebit": "-2788000", "ebitda": "-2173000", "netIncome": "-32843000"}, {"fiscalDateEnding": "2007-09-30", "reportedCurrency": "USD", "grossProfit": "2159000", "totalRevenue": "8596000", "costOfRevenue": "6437000", "costofGoodsAndServicesSold": "6437000", "operatingIncome": "27000", "sellingGeneralAndAdministrative": "1814000", "researchAndDevelopment": "318000", "operatingExpenses": "2132000", "investmentIncomeNet": "None", "netInterestIncome": "None", "interestIncome": "None", "interestExpense": "1067000000", "nonInterestIncome": "None", "otherNonOperatingIncome": "None", "depreciation": "None", "depreciationAndAmortization": "1117000", "incomeBeforeTax": "-856000", "incomeTaxExpense": "0", "interestAndDebtExpense": "None", "netIncomeFromContinuingOperations": "0", "comprehensiveIncomeNetOfTax": "None", "ebit": "27000", "ebitda": "1144000", "netIncome": "-856000"}, {"fiscalDateEnding": "2007-06-30", "reportedCurrency": "USD", "grossProfit": "-6237000", "totalRevenue": "12830000", "costOfRevenue": "19067000", "costofGoodsAndServicesSold": "19067000", "operatingIncome": "-12295000", "sellingGeneralAndAdministrative": "1920000", "researchAndDevelopment": "259000", "operatingExpenses": "6058000", "investmentIncomeNet": "None", "netInterestIncome": "None", "interestIncome": "None", "interestExpense": "3220710000", "nonInterestIncome": "None", "otherNonOperatingIncome": "None", "depreciation": "None", "depreciationAndAmortization": "1591000", "incomeBeforeTax": "19497000", "incomeTaxExpense": "32722000", "interestAndDebtExpense": "None", "netIncomeFromContinuingOperations": "0", "comprehensiveIncomeNetOfTax": "None", "ebit": "-12295000", "ebitda": "-10704000", "netIncome": "-13225000"}, {"fiscalDateEnding": "2007-03-31", "reportedCurrency": "USD", "grossProfit": "2426000", "totalRevenue": "12183000", "costOfRevenue": "9757000", "costofGoodsAndServicesSold": "9757000", "operatingIncome": "-348000", "sellingGeneralAndAdministrative": "2597000", "researchAndDevelopment": "177000", "operatingExpenses": "2774000", "investmentIncomeNet": "None", "netInterestIncome": "None", "interestIncome": "None", "interestExpense": "1068000000", "nonInterestIncome": "None", "otherNonOperatingIncome": "None", "depreciation": "None", "depreciationAndAmortization": "1582000", "incomeBeforeTax": "-1195000", "incomeTaxExpense": "0", "interestAndDebtExpense": "None", "netIncomeFromContinuingOperations": "0", "comprehensiveIncomeNetOfTax": "None", "ebit": "-348000", "ebitda": "1234000", "netIncome": "-1195000"}, {"fiscalDateEnding": "2006-12-31", "reportedCurrency": "USD", "grossProfit": "1779000", "totalRevenue": "12851000", "costOfRevenue": "11072000", "costofGoodsAndServicesSold": "11072000", "operatingIncome": "-1073000", "sellingGeneralAndAdministrative": "2679000", "researchAndDevelopment": "173000", "operatingExpenses": "2852000", "investmentIncomeNet": "None", "netInterestIncome": "None", "interestIncome": "None", "interestExpense": "1077000000", "nonInterestIncome": "None", "otherNonOperatingIncome": "None", "depreciation": "None", "depreciationAndAmortization": "1598000", "incomeBeforeTax": "-1909000", "incomeTaxExpense": "-69000", "interestAndDebtExpense": "None", "netIncomeFromContinuingOperations": "0", "comprehensiveIncomeNetOfTax": "None", "ebit": "-1073000", "ebitda": "525000", "netIncome": "-1840000"}, {"fiscalDateEnding": "2006-09-30", "reportedCurrency": "USD", "grossProfit": "3765000", "totalRevenue": "14898000", "costOfRevenue": "11133000", "costofGoodsAndServicesSold": "11133000", "operatingIncome": "886000", "sellingGeneralAndAdministrative": "2687000", "researchAndDevelopment": "192000", "operatingExpenses": "2879000", "investmentIncomeNet": "None", "netInterestIncome": "None", "interestIncome": "None", "interestExpense": "1080000000", "nonInterestIncome": "None", "otherNonOperatingIncome": "None", "depreciation": "None", "depreciationAndAmortization": "1591000", "incomeBeforeTax": "-32000", "incomeTaxExpense": "0", "interestAndDebtExpense": "None", "netIncomeFromContinuingOperations": "0", "comprehensiveIncomeNetOfTax": "None", "ebit": "886000", "ebitda": "2477000", "netIncome": "-32000"}, {"fiscalDateEnding": "2006-06-30", "reportedCurrency": "USD", "grossProfit": "3976000", "totalRevenue": "14568000", "costOfRevenue": "10592000", "costofGoodsAndServicesSold": "10592000", "operatingIncome": "1054000", "sellingGeneralAndAdministrative": "2814000", "researchAndDevelopment": "108000", "operatingExpenses": "2922000", "investmentIncomeNet": "None", "netInterestIncome": "None", "interestIncome": "None", "interestExpense": "2491000", "nonInterestIncome": "None", "otherNonOperatingIncome": "None", "depreciation": "None", "depreciationAndAmortization": "1600000", "incomeBeforeTax": "48000", "incomeTaxExpense": "-8136000", "interestAndDebtExpense": "None", "netIncomeFromContinuingOperations": "0", "comprehensiveIncomeNetOfTax": "None", "ebit": "1054000", "ebitda": "2654000", "netIncome": "48000"}, {"fiscalDateEnding": "2006-03-31", "reportedCurrency": "USD", "grossProfit": "2421000", "totalRevenue": "12400000", "costOfRevenue": "9979000", "costofGoodsAndServicesSold": "9979000", "operatingIncome": "-593000", "sellingGeneralAndAdministrative": "2923000", "researchAndDevelopment": "91000", "operatingExpenses": "3014000", "investmentIncomeNet": "None", "netInterestIncome": "None", "interestIncome": "None", "interestExpense": "1168000", "nonInterestIncome": "None", "otherNonOperatingIncome": "None", "depreciation": "None", "depreciationAndAmortization": "1538000", "incomeBeforeTax": "-1673000", "incomeTaxExpense": "0", "interestAndDebtExpense": "None", "netIncomeFromContinuingOperations": "0", "comprehensiveIncomeNetOfTax": "None", "ebit": "-593000", "ebitda": "945000", "netIncome": "-1673000"}, {"fiscalDateEnding": "2005-12-31", "reportedCurrency": "USD", "grossProfit": "2004000", "totalRevenue": "11793000", "costOfRevenue": "9789000", "costofGoodsAndServicesSold": "9789000", "operatingIncome": "-7067000", "sellingGeneralAndAdministrative": "2655000", "researchAndDevelopment": "133000", "operatingExpenses": "2788000", "investmentIncomeNet": "None", "netInterestIncome": "None", "interestIncome": "None", "interestExpense": "1852000", "nonInterestIncome": "None", "otherNonOperatingIncome": "None", "depreciation": "None", "depreciationAndAmortization": "1579000", "incomeBeforeTax": "-8856000", "incomeTaxExpense": "8072000", "interestAndDebtExpense": "None", "netIncomeFromContinuingOperations": "0", "comprehensiveIncomeNetOfTax": "None", "ebit": "-8646000", "ebitda": "-7067000", "netIncome": "-8856000"}]}