{"symbol": "ATLN", "annualReports": [{"fiscalDateEnding": "2024-12-31", "reportedCurrency": "USD", "grossProfit": "47178323", "totalRevenue": "442609814", "costOfRevenue": "395431491", "costofGoodsAndServicesSold": "395431491", "operatingIncome": "-21834592", "sellingGeneralAndAdministrative": "64021052", "researchAndDevelopment": "None", "operatingExpenses": "69012915", "investmentIncomeNet": "None", "netInterestIncome": "-12004860", "interestIncome": "None", "interestExpense": "12004860", "nonInterestIncome": "None", "otherNonOperatingIncome": "None", "depreciation": "None", "depreciationAndAmortization": "4991864", "incomeBeforeTax": "-130100788", "incomeTaxExpense": "5379102", "interestAndDebtExpense": "None", "netIncomeFromContinuingOperations": "-135479890", "comprehensiveIncomeNetOfTax": "None", "ebit": "-118095932", "ebitda": "-113104068", "netIncome": "-135479890"}, {"fiscalDateEnding": "2023-12-31", "reportedCurrency": "USD", "grossProfit": "46878260", "totalRevenue": "401374701", "costOfRevenue": "354496441", "costofGoodsAndServicesSold": "354496441", "operatingIncome": "-3451524", "sellingGeneralAndAdministrative": "44479053", "researchAndDevelopment": "2253354", "operatingExpenses": "50329784", "investmentIncomeNet": "None", "netInterestIncome": "-83798", "interestIncome": "None", "interestExpense": "17538816", "nonInterestIncome": "None", "otherNonOperatingIncome": "None", "depreciation": "None", "depreciationAndAmortization": "5038218", "incomeBeforeTax": "-21180291", "incomeTaxExpense": "-5928271", "interestAndDebtExpense": "None", "netIncomeFromContinuingOperations": "-5627591", "comprehensiveIncomeNetOfTax": "None", "ebit": "-3601617", "ebitda": "1436601", "netIncome": "-15252020"}, {"fiscalDateEnding": "2022-12-31", "reportedCurrency": "USD", "grossProfit": "54205550", "totalRevenue": "441544117", "costOfRevenue": "387338567", "costofGoodsAndServicesSold": "387338567", "operatingIncome": "5979408", "sellingGeneralAndAdministrative": "41406953", "researchAndDevelopment": "1568266", "operatingExpenses": "48226142", "investmentIncomeNet": "None", "netInterestIncome": "-90748", "interestIncome": "44879", "interestExpense": "90748", "nonInterestIncome": "None", "otherNonOperatingIncome": "None", "depreciation": "None", "depreciationAndAmortization": "5065511", "incomeBeforeTax": "-2412628", "incomeTaxExpense": "808430", "interestAndDebtExpense": "None", "netIncomeFromContinuingOperations": "-4094833", "comprehensiveIncomeNetOfTax": "None", "ebit": "6873541", "ebitda": "11939052", "netIncome": "-3221058"}, {"fiscalDateEnding": "2021-12-31", "reportedCurrency": "USD", "grossProfit": "54408087", "totalRevenue": "425031101", "costOfRevenue": "370623014", "costofGoodsAndServicesSold": "370623014", "operatingIncome": "-35730314", "sellingGeneralAndAdministrative": "2170857", "researchAndDevelopment": "530076", "operatingExpenses": "90138401", "investmentIncomeNet": "None", "netInterestIncome": "-171826", "interestIncome": "36463", "interestExpense": "208289", "nonInterestIncome": "None", "otherNonOperatingIncome": "None", "depreciation": "None", "depreciationAndAmortization": "4107424", "incomeBeforeTax": "-39464141", "incomeTaxExpense": "1334157", "interestAndDebtExpense": "None", "netIncomeFromContinuingOperations": "-3703558", "comprehensiveIncomeNetOfTax": "None", "ebit": "8069569", "ebitda": "12176993", "netIncome": "-40798298"}, {"fiscalDateEnding": "2020-12-31", "reportedCurrency": "USD", "grossProfit": "158692", "totalRevenue": "329495", "costOfRevenue": "170803", "costofGoodsAndServicesSold": "170803", "operatingIncome": "-949720", "sellingGeneralAndAdministrative": "777435", "researchAndDevelopment": "330979", "operatingExpenses": "1108414", "investmentIncomeNet": "None", "netInterestIncome": "-287197", "interestIncome": "None", "interestExpense": "287197", "nonInterestIncome": "None", "otherNonOperatingIncome": "None", "depreciation": "None", "depreciationAndAmortization": "108759", "incomeBeforeTax": "-1045353", "incomeTaxExpense": "1", "interestAndDebtExpense": "None", "netIncomeFromContinuingOperations": "-1045353", "comprehensiveIncomeNetOfTax": "None", "ebit": "-758152", "ebitda": "-649393", "netIncome": "-1045353"}, {"fiscalDateEnding": "2019-12-31", "reportedCurrency": "None", "grossProfit": "313366", "totalRevenue": "533129", "costOfRevenue": "219763", "costofGoodsAndServicesSold": "219763", "operatingIncome": "-2291300", "sellingGeneralAndAdministrative": "None", "researchAndDevelopment": "1245168", "operatingExpenses": "2604665", "investmentIncomeNet": "None", "netInterestIncome": "None", "interestIncome": "None", "interestExpense": "182250", "nonInterestIncome": "None", "otherNonOperatingIncome": "None", "depreciation": "None", "depreciationAndAmortization": "121532", "incomeBeforeTax": "-2473549", "incomeTaxExpense": "-2", "interestAndDebtExpense": "None", "netIncomeFromContinuingOperations": "None", "comprehensiveIncomeNetOfTax": "None", "ebit": "-2291299", "ebitda": "-2169767", "netIncome": "-2473549"}, {"fiscalDateEnding": "2018-12-31", "reportedCurrency": "None", "grossProfit": "104787", "totalRevenue": "779068", "costOfRevenue": "674281", "costofGoodsAndServicesSold": "674281", "operatingIncome": "-2401290", "sellingGeneralAndAdministrative": "None", "researchAndDevelopment": "1039260", "operatingExpenses": "2506074", "investmentIncomeNet": "None", "netInterestIncome": "None", "interestIncome": "None", "interestExpense": "230296", "nonInterestIncome": "None", "otherNonOperatingIncome": "None", "depreciation": "None", "depreciationAndAmortization": "63644", "incomeBeforeTax": "-2888017", "incomeTaxExpense": "-4", "interestAndDebtExpense": "None", "netIncomeFromContinuingOperations": "None", "comprehensiveIncomeNetOfTax": "None", "ebit": "-2657721", "ebitda": "-2594077", "netIncome": "-2888017"}, {"fiscalDateEnding": "2017-12-31", "reportedCurrency": "None", "grossProfit": "254234", "totalRevenue": "1338752", "costOfRevenue": "1084518", "costofGoodsAndServicesSold": "1084518", "operatingIncome": "-1527190", "sellingGeneralAndAdministrative": "None", "researchAndDevelopment": "974531", "operatingExpenses": "1781428", "investmentIncomeNet": "None", "netInterestIncome": "None", "interestIncome": "None", "interestExpense": "179740", "nonInterestIncome": "None", "otherNonOperatingIncome": "None", "depreciation": "None", "depreciationAndAmortization": "72636", "incomeBeforeTax": "-1706934", "incomeTaxExpense": "4", "interestAndDebtExpense": "None", "netIncomeFromContinuingOperations": "None", "comprehensiveIncomeNetOfTax": "None", "ebit": "-1527194", "ebitda": "-1454558", "netIncome": "-1706934"}, {"fiscalDateEnding": "2016-12-31", "reportedCurrency": "None", "grossProfit": "419587", "totalRevenue": "939682", "costOfRevenue": "520095", "costofGoodsAndServicesSold": "520095", "operatingIncome": "-1385220", "sellingGeneralAndAdministrative": "None", "researchAndDevelopment": "1113829", "operatingExpenses": "1804811", "investmentIncomeNet": "None", "netInterestIncome": "None", "interestIncome": "None", "interestExpense": "50740", "nonInterestIncome": "None", "otherNonOperatingIncome": "None", "depreciation": "None", "depreciationAndAmortization": "48862", "incomeBeforeTax": "-1434350", "incomeTaxExpense": "-2", "interestAndDebtExpense": "None", "netIncomeFromContinuingOperations": "None", "comprehensiveIncomeNetOfTax": "None", "ebit": "-1383614", "ebitda": "-1334752", "netIncome": "-1434350"}], "quarterlyReports": [{"fiscalDateEnding": "2025-09-30", "reportedCurrency": "USD", "grossProfit": "12401976", "totalRevenue": "110127203", "costOfRevenue": "97725227", "costofGoodsAndServicesSold": "97725227", "operatingIncome": "-8717023", "sellingGeneralAndAdministrative": "19888692", "researchAndDevelopment": "None", "operatingExpenses": "21118999", "investmentIncomeNet": "None", "netInterestIncome": "-2094177", "interestIncome": "None", "interestExpense": "2094177", "nonInterestIncome": "None", "otherNonOperatingIncome": "None", "depreciation": "None", "depreciationAndAmortization": "1230307", "incomeBeforeTax": "-10811200", "incomeTaxExpense": "9144", "interestAndDebtExpense": "None", "netIncomeFromContinuingOperations": "-10820344", "comprehensiveIncomeNetOfTax": "None", "ebit": "-8717023", "ebitda": "-7486716", "netIncome": "-10820344"}, {"fiscalDateEnding": "2025-06-30", "reportedCurrency": "USD", "grossProfit": "11418694", "totalRevenue": "102896993", "costOfRevenue": "91478299", "costofGoodsAndServicesSold": "91478299", "operatingIncome": "-8684591", "sellingGeneralAndAdministrative": "18870535", "researchAndDevelopment": "None", "operatingExpenses": "20103285", "investmentIncomeNet": "None", "netInterestIncome": "-2023960", "interestIncome": "None", "interestExpense": "2023960", "nonInterestIncome": "None", "otherNonOperatingIncome": "None", "depreciation": "None", "depreciationAndAmortization": "1646651", "incomeBeforeTax": "-10708551", "incomeTaxExpense": "9618", "interestAndDebtExpense": "None", "netIncomeFromContinuingOperations": "-10718169", "comprehensiveIncomeNetOfTax": "None", "ebit": "-8684591", "ebitda": "-7037940", "netIncome": "-10718169"}, {"fiscalDateEnding": "2025-03-31", "reportedCurrency": "USD", "grossProfit": "11186122", "totalRevenue": "102808807", "costOfRevenue": "91622685", "costofGoodsAndServicesSold": "91622685", "operatingIncome": "-9449746", "sellingGeneralAndAdministrative": "19399479", "researchAndDevelopment": "None", "operatingExpenses": "20635868", "investmentIncomeNet": "None", "netInterestIncome": "-1284822", "interestIncome": "None", "interestExpense": "1284822", "nonInterestIncome": "None", "otherNonOperatingIncome": "None", "depreciation": "None", "depreciationAndAmortization": "1689919", "incomeBeforeTax": "-10734568", "incomeTaxExpense": "9617", "interestAndDebtExpense": "None", "netIncomeFromContinuingOperations": "-10744185", "comprehensiveIncomeNetOfTax": "None", "ebit": "-9449746", "ebitda": "-7759827", "netIncome": "-10744185"}, {"fiscalDateEnding": "2024-12-31", "reportedCurrency": "USD", "grossProfit": "13337825", "totalRevenue": "129546486", "costOfRevenue": "116208661", "costofGoodsAndServicesSold": "116208661", "operatingIncome": "-5875171", "sellingGeneralAndAdministrative": "17975298", "researchAndDevelopment": "None", "operatingExpenses": "19212996", "investmentIncomeNet": "None", "netInterestIncome": "-1510042", "interestIncome": "None", "interestExpense": "1510042", "nonInterestIncome": "None", "otherNonOperatingIncome": "None", "depreciation": "None", "depreciationAndAmortization": "1237699", "incomeBeforeTax": "-43539950", "incomeTaxExpense": "25111748", "interestAndDebtExpense": "None", "netIncomeFromContinuingOperations": "-68651698", "comprehensiveIncomeNetOfTax": "None", "ebit": "-42029911", "ebitda": "-40792212", "netIncome": "-68651698"}, {"fiscalDateEnding": "2024-09-30", "reportedCurrency": "USD", "grossProfit": "11885470", "totalRevenue": "107803843", "costOfRevenue": "95918373", "costofGoodsAndServicesSold": "95918373", "operatingIncome": "-6511654", "sellingGeneralAndAdministrative": "17151567", "researchAndDevelopment": "None", "operatingExpenses": "18397124", "investmentIncomeNet": "None", "netInterestIncome": "-1472564", "interestIncome": "None", "interestExpense": "1472564", "nonInterestIncome": "None", "otherNonOperatingIncome": "None", "depreciation": "None", "depreciationAndAmortization": "1245557", "incomeBeforeTax": "-8269701", "incomeTaxExpense": "-1220072", "interestAndDebtExpense": "None", "netIncomeFromContinuingOperations": "-7049629", "comprehensiveIncomeNetOfTax": "None", "ebit": "-6797134", "ebitda": "-5551577", "netIncome": "-7049629"}, {"fiscalDateEnding": "2024-06-30", "reportedCurrency": "USD", "grossProfit": "11489646", "totalRevenue": "104636273", "costOfRevenue": "93146627", "costofGoodsAndServicesSold": "93146627", "operatingIncome": "-8312557", "sellingGeneralAndAdministrative": "18553150", "researchAndDevelopment": "None", "operatingExpenses": "19802203", "investmentIncomeNet": "None", "netInterestIncome": "-4000024", "interestIncome": "None", "interestExpense": "4000024", "nonInterestIncome": "None", "otherNonOperatingIncome": "None", "depreciation": "None", "depreciationAndAmortization": "1249054", "incomeBeforeTax": "-72133698", "incomeTaxExpense": "-17221979", "interestAndDebtExpense": "None", "netIncomeFromContinuingOperations": "-54911719", "comprehensiveIncomeNetOfTax": "None", "ebit": "-8312557", "ebitda": "-7063503", "netIncome": "-54911719"}, {"fiscalDateEnding": "2024-03-31", "reportedCurrency": "USD", "grossProfit": "10465382", "totalRevenue": "100623212", "costOfRevenue": "90157830", "costofGoodsAndServicesSold": "90157830", "operatingIncome": "-1135209", "sellingGeneralAndAdministrative": "749558", "researchAndDevelopment": "316263", "operatingExpenses": "11600591", "investmentIncomeNet": "None", "netInterestIncome": "-39820", "interestIncome": "None", "interestExpense": "39820", "nonInterestIncome": "None", "otherNonOperatingIncome": "None", "depreciation": "None", "depreciationAndAmortization": "1259553", "incomeBeforeTax": "-6157439", "incomeTaxExpense": "-1290595", "interestAndDebtExpense": "None", "netIncomeFromContinuingOperations": "-1095580", "comprehensiveIncomeNetOfTax": "None", "ebit": "-1135209", "ebitda": "124344", "netIncome": "-4866844"}, {"fiscalDateEnding": "2023-12-31", "reportedCurrency": "USD", "grossProfit": "12588767", "totalRevenue": "116196821", "costOfRevenue": "103608054", "costofGoodsAndServicesSold": "103608054", "operatingIncome": "-2405090", "sellingGeneralAndAdministrative": "15440699", "researchAndDevelopment": "483584", "operatingExpenses": "14993857", "investmentIncomeNet": "None", "netInterestIncome": "-21807", "interestIncome": "None", "interestExpense": "21807", "nonInterestIncome": "None", "otherNonOperatingIncome": "None", "depreciation": "None", "depreciationAndAmortization": "1253593", "incomeBeforeTax": "-7523577", "incomeTaxExpense": "-2136884", "interestAndDebtExpense": "None", "netIncomeFromContinuingOperations": "-1241443", "comprehensiveIncomeNetOfTax": "None", "ebit": "-5068132", "ebitda": "-3814539", "netIncome": "-5386693"}, {"fiscalDateEnding": "2023-09-30", "reportedCurrency": "USD", "grossProfit": "11605175", "totalRevenue": "97785156", "costOfRevenue": "86179981", "costofGoodsAndServicesSold": "86179981", "operatingIncome": "-380674", "sellingGeneralAndAdministrative": "877612", "researchAndDevelopment": "411332", "operatingExpenses": "11985849", "investmentIncomeNet": "None", "netInterestIncome": "-22337", "interestIncome": "None", "interestExpense": "22337", "nonInterestIncome": "None", "otherNonOperatingIncome": "None", "depreciation": "None", "depreciationAndAmortization": "1263821", "incomeBeforeTax": "-5267921", "incomeTaxExpense": "-1346969", "interestAndDebtExpense": "None", "netIncomeFromContinuingOperations": "-1267668", "comprehensiveIncomeNetOfTax": "None", "ebit": "409399", "ebitda": "1673220", "netIncome": "-3920952"}, {"fiscalDateEnding": "2023-06-30", "reportedCurrency": "USD", "grossProfit": "10937760", "totalRevenue": "89364602", "costOfRevenue": "78426842", "costofGoodsAndServicesSold": "78426842", "operatingIncome": "-1106493", "sellingGeneralAndAdministrative": "862686", "researchAndDevelopment": "581718", "operatingExpenses": "12044253", "investmentIncomeNet": "None", "netInterestIncome": "-22848", "interestIncome": "None", "interestExpense": "22848", "nonInterestIncome": "None", "otherNonOperatingIncome": "None", "depreciation": "None", "depreciationAndAmortization": "1256985", "incomeBeforeTax": "-5139437", "incomeTaxExpense": "-1523345", "interestAndDebtExpense": "None", "netIncomeFromContinuingOperations": "-1400114", "comprehensiveIncomeNetOfTax": "None", "ebit": "-1506493", "ebitda": "-249508", "netIncome": "-3616092"}, {"fiscalDateEnding": "2023-03-31", "reportedCurrency": "USD", "grossProfit": "11746558", "totalRevenue": "98028122", "costOfRevenue": "86281564", "costofGoodsAndServicesSold": "86281564", "operatingIncome": "440733", "sellingGeneralAndAdministrative": "736764", "researchAndDevelopment": "776720", "operatingExpenses": "11305825", "investmentIncomeNet": "None", "netInterestIncome": "-16806", "interestIncome": "None", "interestExpense": "16806", "nonInterestIncome": "None", "otherNonOperatingIncome": "None", "depreciation": "None", "depreciationAndAmortization": "1263819", "incomeBeforeTax": "-3249356", "incomeTaxExpense": "-921073", "interestAndDebtExpense": "None", "netIncomeFromContinuingOperations": "-1718366", "comprehensiveIncomeNetOfTax": "None", "ebit": "340733", "ebitda": "1604552", "netIncome": "-2328283"}, {"fiscalDateEnding": "2022-12-31", "reportedCurrency": "USD", "grossProfit": "14220779", "totalRevenue": "121716499", "costOfRevenue": "107495720", "costofGoodsAndServicesSold": "107495720", "operatingIncome": "1680898", "sellingGeneralAndAdministrative": "10163713", "researchAndDevelopment": "438980", "operatingExpenses": "12539881", "investmentIncomeNet": "None", "netInterestIncome": "None", "interestIncome": "26422", "interestExpense": "17188", "nonInterestIncome": "None", "otherNonOperatingIncome": "None", "depreciation": "None", "depreciationAndAmortization": "1284149", "incomeBeforeTax": "-1868572", "incomeTaxExpense": "-396134", "interestAndDebtExpense": "None", "netIncomeFromContinuingOperations": "None", "comprehensiveIncomeNetOfTax": "None", "ebit": "1913372", "ebitda": "3197521", "netIncome": "-1472438"}, {"fiscalDateEnding": "2022-09-30", "reportedCurrency": "None", "grossProfit": "13676366", "totalRevenue": "107838099", "costOfRevenue": "94161733", "costofGoodsAndServicesSold": "94161733", "operatingIncome": "1813724", "sellingGeneralAndAdministrative": "None", "researchAndDevelopment": "428771", "operatingExpenses": "11862642", "investmentIncomeNet": "None", "netInterestIncome": "None", "interestIncome": "None", "interestExpense": "17188", "nonInterestIncome": "None", "otherNonOperatingIncome": "None", "depreciation": "None", "depreciationAndAmortization": "1261490", "incomeBeforeTax": "-720791", "incomeTaxExpense": "-139205", "interestAndDebtExpense": "None", "netIncomeFromContinuingOperations": "None", "comprehensiveIncomeNetOfTax": "None", "ebit": "2028315", "ebitda": "3289805", "netIncome": "-581586"}, {"fiscalDateEnding": "2022-06-30", "reportedCurrency": "None", "grossProfit": "13842545", "totalRevenue": "105064136", "costOfRevenue": "91221591", "costofGoodsAndServicesSold": "91221591", "operatingIncome": "1490474", "sellingGeneralAndAdministrative": "None", "researchAndDevelopment": "365845", "operatingExpenses": "12352071", "investmentIncomeNet": "None", "netInterestIncome": "None", "interestIncome": "None", "interestExpense": "39566", "nonInterestIncome": "None", "otherNonOperatingIncome": "None", "depreciation": "None", "depreciationAndAmortization": "1261031", "incomeBeforeTax": "-921240", "incomeTaxExpense": "-186952", "interestAndDebtExpense": "None", "netIncomeFromContinuingOperations": "None", "comprehensiveIncomeNetOfTax": "None", "ebit": "1731890", "ebitda": "2992921", "netIncome": "-734288"}, {"fiscalDateEnding": "2022-03-31", "reportedCurrency": "None", "grossProfit": "12465860", "totalRevenue": "106925383", "costOfRevenue": "94459523", "costofGoodsAndServicesSold": "94459523", "operatingIncome": "994312", "sellingGeneralAndAdministrative": "None", "researchAndDevelopment": "334670", "operatingExpenses": "11471548", "investmentIncomeNet": "None", "netInterestIncome": "None", "interestIncome": "None", "interestExpense": "16806", "nonInterestIncome": "None", "otherNonOperatingIncome": "None", "depreciation": "None", "depreciationAndAmortization": "1258842", "incomeBeforeTax": "-518885", "incomeTaxExpense": "-86139", "interestAndDebtExpense": "None", "netIncomeFromContinuingOperations": "None", "comprehensiveIncomeNetOfTax": "None", "ebit": "1199963", "ebitda": "2458805", "netIncome": "-432746"}, {"fiscalDateEnding": "2021-12-31", "reportedCurrency": "None", "grossProfit": "166", "totalRevenue": "34965", "costOfRevenue": "34799", "costofGoodsAndServicesSold": "34799", "operatingIncome": "-1372227", "sellingGeneralAndAdministrative": "None", "researchAndDevelopment": "397002", "operatingExpenses": "1372393", "investmentIncomeNet": "None", "netInterestIncome": "None", "interestIncome": "None", "interestExpense": "18296", "nonInterestIncome": "None", "otherNonOperatingIncome": "None", "depreciation": "None", "depreciationAndAmortization": "21901", "incomeBeforeTax": "-1397138", "incomeTaxExpense": "-1", "interestAndDebtExpense": "None", "netIncomeFromContinuingOperations": "None", "comprehensiveIncomeNetOfTax": "None", "ebit": "-1378842", "ebitda": "-1356941", "netIncome": "-1397138"}, {"fiscalDateEnding": "2021-09-30", "reportedCurrency": "None", "grossProfit": "25309", "totalRevenue": "50901", "costOfRevenue": "25592", "costofGoodsAndServicesSold": "25592", "operatingIncome": "-404750", "sellingGeneralAndAdministrative": "None", "researchAndDevelopment": "90658", "operatingExpenses": "430059", "investmentIncomeNet": "None", "netInterestIncome": "None", "interestIncome": "None", "interestExpense": "41066", "nonInterestIncome": "None", "otherNonOperatingIncome": "None", "depreciation": "None", "depreciationAndAmortization": "21543", "incomeBeforeTax": "-639499", "incomeTaxExpense": "-3", "interestAndDebtExpense": "None", "netIncomeFromContinuingOperations": "None", "comprehensiveIncomeNetOfTax": "None", "ebit": "-598436", "ebitda": "-576893", "netIncome": "-639499"}, {"fiscalDateEnding": "2021-06-30", "reportedCurrency": "None", "grossProfit": "-6808", "totalRevenue": "5984", "costOfRevenue": "12792", "costofGoodsAndServicesSold": "12792", "operatingIncome": "-399091", "sellingGeneralAndAdministrative": "425234", "researchAndDevelopment": "24461", "operatingExpenses": "392283", "investmentIncomeNet": "None", "netInterestIncome": "None", "interestIncome": "None", "interestExpense": "41126", "nonInterestIncome": "None", "otherNonOperatingIncome": "None", "depreciation": "None", "depreciationAndAmortization": "21544", "incomeBeforeTax": "-252303", "incomeTaxExpense": "None", "interestAndDebtExpense": "None", "netIncomeFromContinuingOperations": "None", "comprehensiveIncomeNetOfTax": "None", "ebit": "-211177", "ebitda": "-189633", "netIncome": "-252303"}, {"fiscalDateEnding": "2021-03-31", "reportedCurrency": "None", "grossProfit": "-1851", "totalRevenue": "26100", "costOfRevenue": "27951", "costofGoodsAndServicesSold": "27951", "operatingIncome": "-372560", "sellingGeneralAndAdministrative": "387387", "researchAndDevelopment": "17955", "operatingExpenses": "370709", "investmentIncomeNet": "None", "netInterestIncome": "None", "interestIncome": "None", "interestExpense": "107801", "nonInterestIncome": "None", "otherNonOperatingIncome": "None", "depreciation": "None", "depreciationAndAmortization": "21456", "incomeBeforeTax": "-1414618", "incomeTaxExpense": "None", "interestAndDebtExpense": "None", "netIncomeFromContinuingOperations": "None", "comprehensiveIncomeNetOfTax": "None", "ebit": "-1306817", "ebitda": "-1285361", "netIncome": "-1414618"}, {"fiscalDateEnding": "2020-12-31", "reportedCurrency": "None", "grossProfit": "-65053", "totalRevenue": "8750", "costOfRevenue": "73803", "costofGoodsAndServicesSold": "73803", "operatingIncome": "-79007", "sellingGeneralAndAdministrative": "71098", "researchAndDevelopment": "51671", "operatingExpenses": "13954", "investmentIncomeNet": "None", "netInterestIncome": "None", "interestIncome": "None", "interestExpense": "75270", "nonInterestIncome": "None", "otherNonOperatingIncome": "None", "depreciation": "None", "depreciationAndAmortization": "25161", "incomeBeforeTax": "-154277", "incomeTaxExpense": "None", "interestAndDebtExpense": "None", "netIncomeFromContinuingOperations": "None", "comprehensiveIncomeNetOfTax": "None", "ebit": "-79007", "ebitda": "-53846", "netIncome": "-154277"}, {"fiscalDateEnding": "2020-09-30", "reportedCurrency": "None", "grossProfit": "None", "totalRevenue": "85577", "costOfRevenue": "None", "costofGoodsAndServicesSold": "None", "operatingIncome": "-116275", "sellingGeneralAndAdministrative": "171484", "researchAndDevelopment": "30368", "operatingExpenses": "116275", "investmentIncomeNet": "None", "netInterestIncome": "None", "interestIncome": "None", "interestExpense": "72768", "nonInterestIncome": "None", "otherNonOperatingIncome": "None", "depreciation": "None", "depreciationAndAmortization": "25851", "incomeBeforeTax": "-189043", "incomeTaxExpense": "None", "interestAndDebtExpense": "None", "netIncomeFromContinuingOperations": "None", "comprehensiveIncomeNetOfTax": "None", "ebit": "-116275", "ebitda": "-90424", "netIncome": "-189043"}, {"fiscalDateEnding": "2020-06-30", "reportedCurrency": "None", "grossProfit": "6827", "totalRevenue": "47540", "costOfRevenue": "40713", "costofGoodsAndServicesSold": "40713", "operatingIncome": "-273350", "sellingGeneralAndAdministrative": "298827", "researchAndDevelopment": "8883", "operatingExpenses": "280177", "investmentIncomeNet": "None", "netInterestIncome": "None", "interestIncome": "None", "interestExpense": "72362", "nonInterestIncome": "None", "otherNonOperatingIncome": "None", "depreciation": "None", "depreciationAndAmortization": "27533", "incomeBeforeTax": "-155162", "incomeTaxExpense": "None", "interestAndDebtExpense": "None", "netIncomeFromContinuingOperations": "None", "comprehensiveIncomeNetOfTax": "None", "ebit": "-82800", "ebitda": "-55267", "netIncome": "-155162"}, {"fiscalDateEnding": "2020-03-31", "reportedCurrency": "None", "grossProfit": "-41982", "totalRevenue": "41838", "costOfRevenue": "83820", "costofGoodsAndServicesSold": "83820", "operatingIncome": "-481090", "sellingGeneralAndAdministrative": "236026", "researchAndDevelopment": "240057", "operatingExpenses": "439108", "investmentIncomeNet": "None", "netInterestIncome": "None", "interestIncome": "None", "interestExpense": "66797", "nonInterestIncome": "None", "otherNonOperatingIncome": "None", "depreciation": "None", "depreciationAndAmortization": "30214", "incomeBeforeTax": "-546871", "incomeTaxExpense": "None", "interestAndDebtExpense": "None", "netIncomeFromContinuingOperations": "None", "comprehensiveIncomeNetOfTax": "None", "ebit": "-480074", "ebitda": "-449860", "netIncome": "-546871"}, {"fiscalDateEnding": "2019-06-30", "reportedCurrency": "None", "grossProfit": "10632", "totalRevenue": "150262", "costOfRevenue": "139630", "costofGoodsAndServicesSold": "139630", "operatingIncome": "-501661", "sellingGeneralAndAdministrative": "335894", "researchAndDevelopment": "176399", "operatingExpenses": "512293", "investmentIncomeNet": "None", "netInterestIncome": "None", "interestIncome": "None", "interestExpense": "42614", "nonInterestIncome": "None", "otherNonOperatingIncome": "None", "depreciation": "None", "depreciationAndAmortization": "14710", "incomeBeforeTax": "-544275", "incomeTaxExpense": "None", "interestAndDebtExpense": "None", "netIncomeFromContinuingOperations": "None", "comprehensiveIncomeNetOfTax": "None", "ebit": "-501661", "ebitda": "-486951", "netIncome": "-544275"}, {"fiscalDateEnding": "2019-03-31", "reportedCurrency": "None", "grossProfit": "90406", "totalRevenue": "106855", "costOfRevenue": "16449", "costofGoodsAndServicesSold": "16449", "operatingIncome": "-635542", "sellingGeneralAndAdministrative": "332557", "researchAndDevelopment": "393391", "operatingExpenses": "725948", "investmentIncomeNet": "None", "netInterestIncome": "None", "interestIncome": "None", "interestExpense": "28441", "nonInterestIncome": "None", "otherNonOperatingIncome": "None", "depreciation": "None", "depreciationAndAmortization": "14711", "incomeBeforeTax": "-663983", "incomeTaxExpense": "None", "interestAndDebtExpense": "None", "netIncomeFromContinuingOperations": "None", "comprehensiveIncomeNetOfTax": "None", "ebit": "-635542", "ebitda": "-620831", "netIncome": "-663983"}, {"fiscalDateEnding": "2018-12-31", "reportedCurrency": "None", "grossProfit": "-68459", "totalRevenue": "106194", "costOfRevenue": "174653", "costofGoodsAndServicesSold": "174653", "operatingIncome": "-542250", "sellingGeneralAndAdministrative": "None", "researchAndDevelopment": "115858", "operatingExpenses": "473791", "investmentIncomeNet": "None", "netInterestIncome": "None", "interestIncome": "None", "interestExpense": "24678", "nonInterestIncome": "None", "otherNonOperatingIncome": "None", "depreciation": "None", "depreciationAndAmortization": "16150", "incomeBeforeTax": "-566928", "incomeTaxExpense": "None", "interestAndDebtExpense": "None", "netIncomeFromContinuingOperations": "None", "comprehensiveIncomeNetOfTax": "None", "ebit": "-542250", "ebitda": "-526100", "netIncome": "-566928"}, {"fiscalDateEnding": "2018-09-30", "reportedCurrency": "None", "grossProfit": "119799", "totalRevenue": "267355", "costOfRevenue": "147556", "costofGoodsAndServicesSold": "147556", "operatingIncome": "-842946", "sellingGeneralAndAdministrative": "None", "researchAndDevelopment": "528151", "operatingExpenses": "962745", "investmentIncomeNet": "None", "netInterestIncome": "None", "interestIncome": "None", "interestExpense": "79167", "nonInterestIncome": "None", "otherNonOperatingIncome": "None", "depreciation": "None", "depreciationAndAmortization": "14998", "incomeBeforeTax": "-1360986", "incomeTaxExpense": "None", "interestAndDebtExpense": "None", "netIncomeFromContinuingOperations": "None", "comprehensiveIncomeNetOfTax": "None", "ebit": "-1281819", "ebitda": "-1266821", "netIncome": "-1360986"}, {"fiscalDateEnding": "2018-06-30", "reportedCurrency": "None", "grossProfit": "-239738", "totalRevenue": "91554", "costOfRevenue": "331292", "costofGoodsAndServicesSold": "331292", "operatingIncome": "-705746", "sellingGeneralAndAdministrative": "346624", "researchAndDevelopment": "119384", "operatingExpenses": "466008", "investmentIncomeNet": "None", "netInterestIncome": "None", "interestIncome": "None", "interestExpense": "71602", "nonInterestIncome": "None", "otherNonOperatingIncome": "None", "depreciation": "None", "depreciationAndAmortization": "14998", "incomeBeforeTax": "-777348", "incomeTaxExpense": "None", "interestAndDebtExpense": "None", "netIncomeFromContinuingOperations": "None", "comprehensiveIncomeNetOfTax": "None", "ebit": "-705746", "ebitda": "-690748", "netIncome": "-777348"}, {"fiscalDateEnding": "2018-03-31", "reportedCurrency": "None", "grossProfit": "293184", "totalRevenue": "313965", "costOfRevenue": "20781", "costofGoodsAndServicesSold": "20781", "operatingIncome": "-310347", "sellingGeneralAndAdministrative": "327664", "researchAndDevelopment": "275867", "operatingExpenses": "603531", "investmentIncomeNet": "None", "netInterestIncome": "None", "interestIncome": "None", "interestExpense": "54849", "nonInterestIncome": "None", "otherNonOperatingIncome": "None", "depreciation": "None", "depreciationAndAmortization": "17497", "incomeBeforeTax": "-182757", "incomeTaxExpense": "None", "interestAndDebtExpense": "None", "netIncomeFromContinuingOperations": "None", "comprehensiveIncomeNetOfTax": "None", "ebit": "-127908", "ebitda": "-110411", "netIncome": "-182757"}, {"fiscalDateEnding": "2017-12-31", "reportedCurrency": "None", "grossProfit": "-107260", "totalRevenue": "152953", "costOfRevenue": "260213", "costofGoodsAndServicesSold": "260213", "operatingIncome": "-596746", "sellingGeneralAndAdministrative": "None", "researchAndDevelopment": "368250", "operatingExpenses": "489486", "investmentIncomeNet": "None", "netInterestIncome": "None", "interestIncome": "None", "interestExpense": "50804", "nonInterestIncome": "None", "otherNonOperatingIncome": "None", "depreciation": "None", "depreciationAndAmortization": "18747", "incomeBeforeTax": "-647550", "incomeTaxExpense": "None", "interestAndDebtExpense": "None", "netIncomeFromContinuingOperations": "None", "comprehensiveIncomeNetOfTax": "None", "ebit": "-596746", "ebitda": "-577999", "netIncome": "-647550"}, {"fiscalDateEnding": "2017-09-30", "reportedCurrency": "None", "grossProfit": "167683", "totalRevenue": "515309", "costOfRevenue": "347626", "costofGoodsAndServicesSold": "347626", "operatingIncome": "-240920", "sellingGeneralAndAdministrative": "None", "researchAndDevelopment": "246345", "operatingExpenses": "408603", "investmentIncomeNet": "None", "netInterestIncome": "None", "interestIncome": "None", "interestExpense": "49500", "nonInterestIncome": "None", "otherNonOperatingIncome": "None", "depreciation": "None", "depreciationAndAmortization": "None", "incomeBeforeTax": "-290420", "incomeTaxExpense": "None", "interestAndDebtExpense": "None", "netIncomeFromContinuingOperations": "None", "comprehensiveIncomeNetOfTax": "None", "ebit": "None", "ebitda": "-240920", "netIncome": "-290420"}]}