{"symbol": "TDG", "annualReports": [{"fiscalDateEnding": "2025-09-30", "reportedCurrency": "USD", "grossProfit": "5311000000", "totalRevenue": "8831000000", "costOfRevenue": "3520000000", "costofGoodsAndServicesSold": "3520000000", "operatingIncome": "4165000000", "sellingGeneralAndAdministrative": "921000000", "researchAndDevelopment": "None", "operatingExpenses": "1146000000", "investmentIncomeNet": "None", "netInterestIncome": "-1583000000", "interestIncome": "1572000000", "interestExpense": "1572000000", "nonInterestIncome": "None", "otherNonOperatingIncome": "None", "depreciation": "None", "depreciationAndAmortization": "367000000", "incomeBeforeTax": "2629000000", "incomeTaxExpense": "555000000", "interestAndDebtExpense": "None", "netIncomeFromContinuingOperations": "2074000000", "comprehensiveIncomeNetOfTax": "None", "ebit": "4201000000", "ebitda": "4568000000", "netIncome": "2074000000"}, {"fiscalDateEnding": "2024-09-30", "reportedCurrency": "USD", "grossProfit": "4672000000", "totalRevenue": "7940000000", "costOfRevenue": "3268000000", "costofGoodsAndServicesSold": "3268000000", "operatingIncome": "3531000000", "sellingGeneralAndAdministrative": "931000000", "researchAndDevelopment": "107000000", "operatingExpenses": "1141000000", "investmentIncomeNet": "None", "netInterestIncome": "-1344000000", "interestIncome": "1286000000", "interestExpense": "1344000000", "nonInterestIncome": "None", "otherNonOperatingIncome": "None", "depreciation": "None", "depreciationAndAmortization": "312000000", "incomeBeforeTax": "2215000000", "incomeTaxExpense": "500000000", "interestAndDebtExpense": "None", "netIncomeFromContinuingOperations": "1715000000", "comprehensiveIncomeNetOfTax": "None", "ebit": "3501000000", "ebitda": "3813000000", "netIncome": "1714000000"}, {"fiscalDateEnding": "2023-09-30", "reportedCurrency": "USD", "grossProfit": "3842000000", "totalRevenue": "6585000000", "costOfRevenue": "2743000000", "costofGoodsAndServicesSold": "2743000000", "operatingIncome": "2923000000", "sellingGeneralAndAdministrative": "770000000", "researchAndDevelopment": "105000000", "operatingExpenses": "919000000", "investmentIncomeNet": "None", "netInterestIncome": "-1220000000", "interestIncome": "1164000000", "interestExpense": "1220000000", "nonInterestIncome": "None", "otherNonOperatingIncome": "None", "depreciation": "None", "depreciationAndAmortization": "268000000", "incomeBeforeTax": "1716000000", "incomeTaxExpense": "417000000", "interestAndDebtExpense": "None", "netIncomeFromContinuingOperations": "1299000000", "comprehensiveIncomeNetOfTax": "None", "ebit": "2880000000", "ebitda": "3148000000", "netIncome": "1298000000"}, {"fiscalDateEnding": "2022-09-30", "reportedCurrency": "USD", "grossProfit": "3099000000", "totalRevenue": "5429000000", "costOfRevenue": "2330000000", "costofGoodsAndServicesSold": "2330000000", "operatingIncome": "2215000000", "sellingGeneralAndAdministrative": "728000000", "researchAndDevelopment": "94900000", "operatingExpenses": "884000000", "investmentIncomeNet": "None", "netInterestIncome": "-1077000000", "interestIncome": "1076000000", "interestExpense": "1078000000", "nonInterestIncome": "None", "otherNonOperatingIncome": "-12000000", "depreciation": "None", "depreciationAndAmortization": "253000000", "incomeBeforeTax": "1127000000", "incomeTaxExpense": "261000000", "interestAndDebtExpense": "None", "netIncomeFromContinuingOperations": "866000000", "comprehensiveIncomeNetOfTax": "None", "ebit": "2203000000", "ebitda": "2456000000", "netIncome": "866000000"}, {"fiscalDateEnding": "2021-09-30", "reportedCurrency": "USD", "grossProfit": "2513000000", "totalRevenue": "4798000000", "costOfRevenue": "2285000000", "costofGoodsAndServicesSold": "2285000000", "operatingIncome": "1691000000", "sellingGeneralAndAdministrative": "650000000", "researchAndDevelopment": "105600000", "operatingExpenses": "822000000", "investmentIncomeNet": "None", "netInterestIncome": "-1096000000", "interestIncome": "1059000000", "interestExpense": "1098000000", "nonInterestIncome": "None", "otherNonOperatingIncome": "83000000", "depreciation": "None", "depreciationAndAmortization": "253000000", "incomeBeforeTax": "715000000", "incomeTaxExpense": "34000000", "interestAndDebtExpense": "None", "netIncomeFromContinuingOperations": "681000000", "comprehensiveIncomeNetOfTax": "None", "ebit": "1774000000", "ebitda": "2027000000", "netIncome": "680000000"}, {"fiscalDateEnding": "2020-09-30", "reportedCurrency": "USD", "grossProfit": "2647000000", "totalRevenue": "5103000000", "costOfRevenue": "2456000000", "costofGoodsAndServicesSold": "2456000000", "operatingIncome": "1751000000", "sellingGeneralAndAdministrative": "676000000", "researchAndDevelopment": "130900000", "operatingExpenses": "896000000", "investmentIncomeNet": "None", "netInterestIncome": "-1057000000", "interestIncome": "1029000000", "interestExpense": "1061000000", "nonInterestIncome": "None", "otherNonOperatingIncome": "28000000", "depreciation": "None", "depreciationAndAmortization": "283000000", "incomeBeforeTax": "740000000", "incomeTaxExpense": "87000000", "interestAndDebtExpense": "None", "netIncomeFromContinuingOperations": "653000000", "comprehensiveIncomeNetOfTax": "None", "ebit": "1769000000", "ebitda": "2052000000", "netIncome": "699000000"}, {"fiscalDateEnding": "2019-09-30", "reportedCurrency": "USD", "grossProfit": "2682639000", "totalRevenue": "5223223000", "costOfRevenue": "2540584000", "costofGoodsAndServicesSold": "2540584000", "operatingIncome": "2013666000", "sellingGeneralAndAdministrative": "669900000", "researchAndDevelopment": "116800000", "operatingExpenses": "668973000", "investmentIncomeNet": "None", "netInterestIncome": "-862766000", "interestIncome": "859753000", "interestExpense": "865826000", "nonInterestIncome": "None", "otherNonOperatingIncome": "None", "depreciation": "None", "depreciationAndAmortization": "224641000", "incomeBeforeTax": "1062865000", "incomeTaxExpense": "221986000", "interestAndDebtExpense": "None", "netIncomeFromContinuingOperations": "840879000", "comprehensiveIncomeNetOfTax": "None", "ebit": "1928691000", "ebitda": "2153332000", "netIncome": "778749000"}, {"fiscalDateEnding": "2018-09-30", "reportedCurrency": "USD", "grossProfit": "2118456000", "totalRevenue": "3811126000", "costOfRevenue": "1692670000", "costofGoodsAndServicesSold": "1692670000", "operatingIncome": "1675961000", "sellingGeneralAndAdministrative": "442500000", "researchAndDevelopment": "73800000", "operatingExpenses": "442495000", "investmentIncomeNet": "None", "netInterestIncome": "-669404000", "interestIncome": "663008000", "interestExpense": "669404000", "nonInterestIncome": "None", "otherNonOperatingIncome": "6396000", "depreciation": "None", "depreciationAndAmortization": "128851000", "incomeBeforeTax": "985557000", "incomeTaxExpense": "24021000", "interestAndDebtExpense": "None", "netIncomeFromContinuingOperations": "1009578000", "comprehensiveIncomeNetOfTax": "None", "ebit": "1654961000", "ebitda": "1783812000", "netIncome": "907758000"}, {"fiscalDateEnding": "2017-09-30", "reportedCurrency": "USD", "grossProfit": "1899401000", "totalRevenue": "3504286000", "costOfRevenue": "1604885000", "costofGoodsAndServicesSold": "1604885000", "operatingIncome": "1490326000", "sellingGeneralAndAdministrative": "409100000", "researchAndDevelopment": "73800000", "operatingExpenses": "409075000", "investmentIncomeNet": "None", "netInterestIncome": "-642396000", "interestIncome": "602589000", "interestExpense": "639296000", "nonInterestIncome": "None", "otherNonOperatingIncome": "39807000", "depreciation": "None", "depreciationAndAmortization": "140163000", "incomeBeforeTax": "837430000", "incomeTaxExpense": "208889000", "interestAndDebtExpense": "None", "netIncomeFromContinuingOperations": "1046319000", "comprehensiveIncomeNetOfTax": "None", "ebit": "1476726000", "ebitda": "1616889000", "netIncome": "437630000"}, {"fiscalDateEnding": "2016-09-30", "reportedCurrency": "USD", "grossProfit": "1658918000", "totalRevenue": "3171411000", "costOfRevenue": "1512493000", "costofGoodsAndServicesSold": "1512493000", "operatingIncome": "1302060000", "sellingGeneralAndAdministrative": "356900000", "researchAndDevelopment": "58600000", "operatingExpenses": "356858000", "investmentIncomeNet": "None", "netInterestIncome": "-499644000", "interestIncome": "483850000", "interestExpense": "498244000", "nonInterestIncome": "None", "otherNonOperatingIncome": "15794000", "depreciation": "None", "depreciationAndAmortization": "121670000", "incomeBeforeTax": "768116000", "incomeTaxExpense": "181702000", "interestAndDebtExpense": "None", "netIncomeFromContinuingOperations": "586414000", "comprehensiveIncomeNetOfTax": "None", "ebit": "1266360000", "ebitda": "1388030000", "netIncome": "583414000"}, {"fiscalDateEnding": "2015-09-30", "reportedCurrency": "USD", "grossProfit": "1401726000", "totalRevenue": "2707115000", "costOfRevenue": "1305389000", "costofGoodsAndServicesSold": "1305389000", "operatingIncome": "1098802000", "sellingGeneralAndAdministrative": "302900000", "researchAndDevelopment": "48300000", "operatingExpenses": "302924000", "investmentIncomeNet": "None", "netInterestIncome": "None", "interestIncome": "418785000", "interestExpense": "426978000", "nonInterestIncome": "None", "otherNonOperatingIncome": "18393000", "depreciation": "None", "depreciationAndAmortization": "93663000", "incomeBeforeTax": "636824000", "incomeTaxExpense": "189612000", "interestAndDebtExpense": "None", "netIncomeFromContinuingOperations": "447212000", "comprehensiveIncomeNetOfTax": "None", "ebit": "1063802000", "ebitda": "1157465000", "netIncome": "443847000"}, {"fiscalDateEnding": "2014-09-30", "reportedCurrency": "USD", "grossProfit": "1220766000", "totalRevenue": "2372906000", "costOfRevenue": "1152140000", "costofGoodsAndServicesSold": "1152140000", "operatingIncome": "948920000", "sellingGeneralAndAdministrative": "271800000", "researchAndDevelopment": "42300000", "operatingExpenses": "271846000", "investmentIncomeNet": "None", "netInterestIncome": "None", "interestIncome": "None", "interestExpense": "347688000", "nonInterestIncome": "None", "otherNonOperatingIncome": "-131622000", "depreciation": "None", "depreciationAndAmortization": "96385000", "incomeBeforeTax": "448510000", "incomeTaxExpense": "141600000", "interestAndDebtExpense": "None", "netIncomeFromContinuingOperations": "306910000", "comprehensiveIncomeNetOfTax": "None", "ebit": "796198000", "ebitda": "892583000", "netIncome": "180284000"}, {"fiscalDateEnding": "2013-09-30", "reportedCurrency": "USD", "grossProfit": "1014823000", "totalRevenue": "1924400000", "costOfRevenue": "909577000", "costofGoodsAndServicesSold": "909577000", "operatingIncome": "768455000", "sellingGeneralAndAdministrative": "246400000", "researchAndDevelopment": "32100000", "operatingExpenses": "246368000", "investmentIncomeNet": "None", "netInterestIncome": "None", "interestIncome": "None", "interestExpense": "270685000", "nonInterestIncome": "None", "otherNonOperatingIncome": "-30281000", "depreciation": "None", "depreciationAndAmortization": "73515000", "incomeBeforeTax": "448489000", "incomeTaxExpense": "145700000", "interestAndDebtExpense": "None", "netIncomeFromContinuingOperations": "302789000", "comprehensiveIncomeNetOfTax": "None", "ebit": "719174000", "ebitda": "792689000", "netIncome": "131545999"}, {"fiscalDateEnding": "2012-09-30", "reportedCurrency": "USD", "grossProfit": "915284000", "totalRevenue": "1714008000", "costOfRevenue": "798724000", "costofGoodsAndServicesSold": "798724000", "operatingIncome": "713575000", "sellingGeneralAndAdministrative": "202400000", "researchAndDevelopment": "27900000", "operatingExpenses": "201709000", "investmentIncomeNet": "None", "netInterestIncome": "None", "interestIncome": "None", "interestExpense": "211906000", "nonInterestIncome": "None", "otherNonOperatingIncome": "None", "depreciation": "None", "depreciationAndAmortization": "68227000", "incomeBeforeTax": "487869000", "incomeTaxExpense": "162900000", "interestAndDebtExpense": "None", "netIncomeFromContinuingOperations": "324969000", "comprehensiveIncomeNetOfTax": "None", "ebit": "699775000", "ebitda": "768002000", "netIncome": "321670000"}, {"fiscalDateEnding": "2011-09-30", "reportedCurrency": "USD", "grossProfit": "620846000", "totalRevenue": "1206021000", "costOfRevenue": "585175000", "costofGoodsAndServicesSold": "585175000", "operatingIncome": "487135000", "sellingGeneralAndAdministrative": "133711000", "researchAndDevelopment": "19300000", "operatingExpenses": "133711000", "investmentIncomeNet": "None", "netInterestIncome": "None", "interestIncome": "None", "interestExpense": "252810000", "nonInterestIncome": "None", "otherNonOperatingIncome": "-72454000", "depreciation": "None", "depreciationAndAmortization": "60431000", "incomeBeforeTax": "229425000", "incomeTaxExpense": "77200000", "interestAndDebtExpense": "None", "netIncomeFromContinuingOperations": "152225000", "comprehensiveIncomeNetOfTax": "None", "ebit": "482235000", "ebitda": "542666000", "netIncome": "147291000"}, {"fiscalDateEnding": "2010-09-30", "reportedCurrency": "USD", "grossProfit": "457987000", "totalRevenue": "827654000", "costOfRevenue": "369667000", "costofGoodsAndServicesSold": "369667000", "operatingIncome": "363069000", "sellingGeneralAndAdministrative": "94918000", "researchAndDevelopment": "13900000", "operatingExpenses": "94918000", "investmentIncomeNet": "None", "netInterestIncome": "None", "interestIncome": "None", "interestExpense": "112234000", "nonInterestIncome": "None", "otherNonOperatingIncome": "None", "depreciation": "None", "depreciationAndAmortization": "30165000", "incomeBeforeTax": "250835000", "incomeTaxExpense": "87390000", "interestAndDebtExpense": "None", "netIncomeFromContinuingOperations": "163445000", "comprehensiveIncomeNetOfTax": "None", "ebit": "363069000", "ebitda": "393234000", "netIncome": "133132000"}, {"fiscalDateEnding": "2009-09-30", "reportedCurrency": "USD", "grossProfit": "415418000", "totalRevenue": "761552000", "costOfRevenue": "346134000", "costofGoodsAndServicesSold": "346134000", "operatingIncome": "335400000", "sellingGeneralAndAdministrative": "80018000", "researchAndDevelopment": "12600000", "operatingExpenses": "80018000", "investmentIncomeNet": "None", "netInterestIncome": "None", "interestIncome": "None", "interestExpense": "84398000", "nonInterestIncome": "None", "otherNonOperatingIncome": "None", "depreciation": "None", "depreciationAndAmortization": "27521000", "incomeBeforeTax": "251002000", "incomeTaxExpense": "88100000", "interestAndDebtExpense": "None", "netIncomeFromContinuingOperations": "None", "comprehensiveIncomeNetOfTax": "None", "ebit": "335400000", "ebitda": "362921000", "netIncome": "162902000"}, {"fiscalDateEnding": "2008-09-30", "reportedCurrency": "USD", "grossProfit": "373929000", "totalRevenue": "713711000", "costOfRevenue": "339782000", "costofGoodsAndServicesSold": "339782000", "operatingIncome": "299279000", "sellingGeneralAndAdministrative": "74650000", "researchAndDevelopment": "13200000", "operatingExpenses": "74650000", "investmentIncomeNet": "None", "netInterestIncome": "None", "interestIncome": "None", "interestExpense": "92677000", "nonInterestIncome": "None", "otherNonOperatingIncome": "None", "depreciation": "None", "depreciationAndAmortization": "25254000", "incomeBeforeTax": "206602000", "incomeTaxExpense": "73476000", "interestAndDebtExpense": "None", "netIncomeFromContinuingOperations": "None", "comprehensiveIncomeNetOfTax": "None", "ebit": "299279000", "ebitda": "324533000", "netIncome": "133126000"}, {"fiscalDateEnding": "2007-09-30", "reportedCurrency": "USD", "grossProfit": "296728000", "totalRevenue": "592798000", "costOfRevenue": "296070000", "costofGoodsAndServicesSold": "296070000", "operatingIncome": "233838000", "sellingGeneralAndAdministrative": "62890000", "researchAndDevelopment": "9600000", "operatingExpenses": "62890000", "investmentIncomeNet": "None", "netInterestIncome": "None", "interestIncome": "None", "interestExpense": "91767000", "nonInterestIncome": "None", "otherNonOperatingIncome": "None", "depreciation": "None", "depreciationAndAmortization": "23952000", "incomeBeforeTax": "142071000", "incomeTaxExpense": "53426000", "interestAndDebtExpense": "None", "netIncomeFromContinuingOperations": "None", "comprehensiveIncomeNetOfTax": "None", "ebit": "233838000", "ebitda": "257790000", "netIncome": "88645000"}, {"fiscalDateEnding": "2006-09-30", "reportedCurrency": "USD", "grossProfit": "215093000", "totalRevenue": "435164000", "costOfRevenue": "220071000", "costofGoodsAndServicesSold": "220071000", "operatingIncome": "166784000", "sellingGeneralAndAdministrative": "48309000", "researchAndDevelopment": "3900000", "operatingExpenses": "48309000", "investmentIncomeNet": "None", "netInterestIncome": "None", "interestIncome": "None", "interestExpense": "125249000", "nonInterestIncome": "None", "otherNonOperatingIncome": "None", "depreciation": "None", "depreciationAndAmortization": "16111000", "incomeBeforeTax": "41435000", "incomeTaxExpense": "16318000", "interestAndDebtExpense": "None", "netIncomeFromContinuingOperations": "None", "comprehensiveIncomeNetOfTax": "None", "ebit": "166684000", "ebitda": "182795000", "netIncome": "25117000"}], "quarterlyReports": [{"fiscalDateEnding": "2025-12-31", "reportedCurrency": "USD", "grossProfit": "1296000000", "totalRevenue": "2285000000", "costOfRevenue": "989000000", "costofGoodsAndServicesSold": "989000000", "operatingIncome": "1042000000", "sellingGeneralAndAdministrative": "249000000", "researchAndDevelopment": "None", "operatingExpenses": "254000000", "investmentIncomeNet": "None", "netInterestIncome": "-475000000", "interestIncome": "475000000", "interestExpense": "475000000", "nonInterestIncome": "None", "otherNonOperatingIncome": "None", "depreciation": "None", "depreciationAndAmortization": "100000000", "incomeBeforeTax": "572000000", "incomeTaxExpense": "127000000", "interestAndDebtExpense": "None", "netIncomeFromContinuingOperations": "445000000", "comprehensiveIncomeNetOfTax": "None", "ebit": "1047000000", "ebitda": "1147000000", "netIncome": "386000000"}, {"fiscalDateEnding": "2025-09-30", "reportedCurrency": "USD", "grossProfit": "1470000000", "totalRevenue": "2437000000", "costOfRevenue": "967000000", "costofGoodsAndServicesSold": "967000000", "operatingIncome": "1161000000", "sellingGeneralAndAdministrative": "248000000", "researchAndDevelopment": "None", "operatingExpenses": "309000000", "investmentIncomeNet": "None", "netInterestIncome": "-424000000", "interestIncome": "420000000", "interestExpense": "420000000", "nonInterestIncome": "None", "otherNonOperatingIncome": "None", "depreciation": "None", "depreciationAndAmortization": "96000000", "incomeBeforeTax": "753000000", "incomeTaxExpense": "144000000", "interestAndDebtExpense": "None", "netIncomeFromContinuingOperations": "609000000", "comprehensiveIncomeNetOfTax": "None", "ebit": "1173000000", "ebitda": "1269000000", "netIncome": "610000000"}, {"fiscalDateEnding": "2025-06-30", "reportedCurrency": "USD", "grossProfit": "1332000000", "totalRevenue": "2237000000", "costOfRevenue": "905000000", "costofGoodsAndServicesSold": "905000000", "operatingIncome": "1039000000", "sellingGeneralAndAdministrative": "236000000", "researchAndDevelopment": "None", "operatingExpenses": "293000000", "investmentIncomeNet": "None", "netInterestIncome": "-404000000", "interestIncome": "397000000", "interestExpense": "397000000", "nonInterestIncome": "None", "otherNonOperatingIncome": "None", "depreciation": "None", "depreciationAndAmortization": "92000000", "incomeBeforeTax": "635000000", "incomeTaxExpense": "142000000", "interestAndDebtExpense": "None", "netIncomeFromContinuingOperations": "493000000", "comprehensiveIncomeNetOfTax": "None", "ebit": "1032000000", "ebitda": "1124000000", "netIncome": "492000000"}, {"fiscalDateEnding": "2025-03-31", "reportedCurrency": "USD", "grossProfit": "1274000000", "totalRevenue": "2150000000", "costOfRevenue": "876000000", "costofGoodsAndServicesSold": "876000000", "operatingIncome": "991000000", "sellingGeneralAndAdministrative": "231000000", "researchAndDevelopment": "None", "operatingExpenses": "283000000", "investmentIncomeNet": "None", "netInterestIncome": "-378000000", "interestIncome": "378000000", "interestExpense": "378000000", "nonInterestIncome": "None", "otherNonOperatingIncome": "None", "depreciation": "None", "depreciationAndAmortization": "89000000", "incomeBeforeTax": "622000000", "incomeTaxExpense": "143000000", "interestAndDebtExpense": "None", "netIncomeFromContinuingOperations": "479000000", "comprehensiveIncomeNetOfTax": "None", "ebit": "1000000000", "ebitda": "1089000000", "netIncome": "479000000"}, {"fiscalDateEnding": "2024-12-31", "reportedCurrency": "USD", "grossProfit": "1235000000", "totalRevenue": "2006000000", "costOfRevenue": "771000000", "costofGoodsAndServicesSold": "771000000", "operatingIncome": "974000000", "sellingGeneralAndAdministrative": "207000000", "researchAndDevelopment": "None", "operatingExpenses": "261000000", "investmentIncomeNet": "None", "netInterestIncome": "-378000000", "interestIncome": "378000000", "interestExpense": "378000000", "nonInterestIncome": "None", "otherNonOperatingIncome": "None", "depreciation": "None", "depreciationAndAmortization": "90000000", "incomeBeforeTax": "619000000", "incomeTaxExpense": "126000000", "interestAndDebtExpense": "None", "netIncomeFromContinuingOperations": "493000000", "comprehensiveIncomeNetOfTax": "None", "ebit": "997000000", "ebitda": "1087000000", "netIncome": "493000000"}, {"fiscalDateEnding": "2024-09-30", "reportedCurrency": "USD", "grossProfit": "1259000000", "totalRevenue": "2186000000", "costOfRevenue": "927000000", "costofGoodsAndServicesSold": "927000000", "operatingIncome": "943000000", "sellingGeneralAndAdministrative": "252000000", "researchAndDevelopment": "None", "operatingExpenses": "316000000", "investmentIncomeNet": "None", "netInterestIncome": "-342000000", "interestIncome": "343000000", "interestExpense": "342000000", "nonInterestIncome": "None", "otherNonOperatingIncome": "None", "depreciation": "None", "depreciationAndAmortization": "93000000", "incomeBeforeTax": "605000000", "incomeTaxExpense": "138000000", "interestAndDebtExpense": "None", "netIncomeFromContinuingOperations": "467000000", "comprehensiveIncomeNetOfTax": "None", "ebit": "948000000", "ebitda": "1041000000", "netIncome": "468000000"}, {"fiscalDateEnding": "2024-06-30", "reportedCurrency": "USD", "grossProfit": "1220000000", "totalRevenue": "2046000000", "costOfRevenue": "826000000", "costofGoodsAndServicesSold": "826000000", "operatingIncome": "934000000", "sellingGeneralAndAdministrative": "227000000", "researchAndDevelopment": "None", "operatingExpenses": "286000000", "investmentIncomeNet": "None", "netInterestIncome": "-346000000", "interestIncome": "None", "interestExpense": "346000000", "nonInterestIncome": "None", "otherNonOperatingIncome": "None", "depreciation": "None", "depreciationAndAmortization": "76000000", "incomeBeforeTax": "602000000", "incomeTaxExpense": "141000000", "interestAndDebtExpense": "None", "netIncomeFromContinuingOperations": "461000000", "comprehensiveIncomeNetOfTax": "None", "ebit": "918000000", "ebitda": "994000000", "netIncome": "461000000"}, {"fiscalDateEnding": "2024-03-31", "reportedCurrency": "USD", "grossProfit": "1152000000", "totalRevenue": "1919000000", "costOfRevenue": "767000000", "costofGoodsAndServicesSold": "767000000", "operatingIncome": "867000000", "sellingGeneralAndAdministrative": "237000000", "researchAndDevelopment": "None", "operatingExpenses": "285000000", "investmentIncomeNet": "None", "netInterestIncome": "-354000000", "interestIncome": "None", "interestExpense": "354000000", "nonInterestIncome": "None", "otherNonOperatingIncome": "None", "depreciation": "None", "depreciationAndAmortization": "72000000", "incomeBeforeTax": "519000000", "incomeTaxExpense": "115000000", "interestAndDebtExpense": "None", "netIncomeFromContinuingOperations": "404000000", "comprehensiveIncomeNetOfTax": "None", "ebit": "845000000", "ebitda": "917000000", "netIncome": "403000000"}, {"fiscalDateEnding": "2023-12-31", "reportedCurrency": "USD", "grossProfit": "1042000000", "totalRevenue": "1789000000", "costOfRevenue": "747000000", "costofGoodsAndServicesSold": "747000000", "operatingIncome": "787000000", "sellingGeneralAndAdministrative": "219000000", "researchAndDevelopment": "None", "operatingExpenses": "255000000", "investmentIncomeNet": "None", "netInterestIncome": "-300000000", "interestIncome": "None", "interestExpense": "300000000", "nonInterestIncome": "None", "otherNonOperatingIncome": "None", "depreciation": "None", "depreciationAndAmortization": "71000000", "incomeBeforeTax": "488000000", "incomeTaxExpense": "106000000", "interestAndDebtExpense": "None", "netIncomeFromContinuingOperations": "382000000", "comprehensiveIncomeNetOfTax": "None", "ebit": "788000000", "ebitda": "859000000", "netIncome": "382000000"}, {"fiscalDateEnding": "2023-09-30", "reportedCurrency": "USD", "grossProfit": "1092000000", "totalRevenue": "1852000000", "costOfRevenue": "760000000", "costofGoodsAndServicesSold": "760000000", "operatingIncome": "856000000", "sellingGeneralAndAdministrative": "199000000", "researchAndDevelopment": "None", "operatingExpenses": "236000000", "investmentIncomeNet": "None", "netInterestIncome": "-307000000", "interestIncome": "292000000", "interestExpense": "307000000", "nonInterestIncome": "None", "otherNonOperatingIncome": "None", "depreciation": "None", "depreciationAndAmortization": "69000000", "incomeBeforeTax": "550000000", "incomeTaxExpense": "136000000", "interestAndDebtExpense": "None", "netIncomeFromContinuingOperations": "414000000", "comprehensiveIncomeNetOfTax": "None", "ebit": "842000000", "ebitda": "911000000", "netIncome": "415000000"}, {"fiscalDateEnding": "2023-06-30", "reportedCurrency": "USD", "grossProfit": "1029000000", "totalRevenue": "1744000000", "costOfRevenue": "715000000", "costofGoodsAndServicesSold": "715000000", "operatingIncome": "783000000", "sellingGeneralAndAdministrative": "203000000", "researchAndDevelopment": "None", "operatingExpenses": "246000000", "investmentIncomeNet": "None", "netInterestIncome": "-323000000", "interestIncome": "291000000", "interestExpense": "323000000", "nonInterestIncome": "None", "otherNonOperatingIncome": "-23000000", "depreciation": "None", "depreciationAndAmortization": "70000000", "incomeBeforeTax": "469000000", "incomeTaxExpense": "117000000", "interestAndDebtExpense": "None", "netIncomeFromContinuingOperations": "352000000", "comprehensiveIncomeNetOfTax": "None", "ebit": "760000000", "ebitda": "830000000", "netIncome": "351000000"}, {"fiscalDateEnding": "2023-03-31", "reportedCurrency": "USD", "grossProfit": "929000000", "totalRevenue": "1592000000", "costOfRevenue": "663000000", "costofGoodsAndServicesSold": "663000000", "operatingIncome": "695000000", "sellingGeneralAndAdministrative": "196000000", "researchAndDevelopment": "None", "operatingExpenses": "234000000", "investmentIncomeNet": "None", "netInterestIncome": "-300000000", "interestIncome": "295000000", "interestExpense": "300000000", "nonInterestIncome": "None", "otherNonOperatingIncome": "-3000000", "depreciation": "None", "depreciationAndAmortization": "66000000", "incomeBeforeTax": "397000000", "incomeTaxExpense": "93000000", "interestAndDebtExpense": "None", "netIncomeFromContinuingOperations": "304000000", "comprehensiveIncomeNetOfTax": "None", "ebit": "692000000", "ebitda": "758000000", "netIncome": "304000000"}, {"fiscalDateEnding": "2022-12-31", "reportedCurrency": "USD", "grossProfit": "793000000", "totalRevenue": "1397000000", "costOfRevenue": "604000000", "costofGoodsAndServicesSold": "604000000", "operatingIncome": "590000000", "sellingGeneralAndAdministrative": "169000000", "researchAndDevelopment": "None", "operatingExpenses": "203000000", "investmentIncomeNet": "None", "netInterestIncome": "-290000000", "interestIncome": "286000000", "interestExpense": "290000000", "nonInterestIncome": "None", "otherNonOperatingIncome": "-3000000", "depreciation": "None", "depreciationAndAmortization": "63000000", "incomeBeforeTax": "301000000", "incomeTaxExpense": "72000000", "interestAndDebtExpense": "None", "netIncomeFromContinuingOperations": "229000000", "comprehensiveIncomeNetOfTax": "None", "ebit": "587000000", "ebitda": "650000000", "netIncome": "228000000"}, {"fiscalDateEnding": "2022-09-30", "reportedCurrency": "USD", "grossProfit": "886000000", "totalRevenue": "1510000000", "costOfRevenue": "624000000", "costofGoodsAndServicesSold": "624000000", "operatingIncome": "641000000", "sellingGeneralAndAdministrative": "206000000", "researchAndDevelopment": "None", "operatingExpenses": "245000000", "investmentIncomeNet": "None", "netInterestIncome": "-277000000", "interestIncome": "277000000", "interestExpense": "276000000", "nonInterestIncome": "None", "otherNonOperatingIncome": "-2000000", "depreciation": "None", "depreciationAndAmortization": "65000000", "incomeBeforeTax": "361000000", "incomeTaxExpense": "96000000", "interestAndDebtExpense": "None", "netIncomeFromContinuingOperations": "266000000", "comprehensiveIncomeNetOfTax": "None", "ebit": "638000000", "ebitda": "703000000", "netIncome": "266000000"}, {"fiscalDateEnding": "2022-06-30", "reportedCurrency": "USD", "grossProfit": "816000000", "totalRevenue": "1398000000", "costOfRevenue": "582000000", "costofGoodsAndServicesSold": "582000000", "operatingIncome": "599000000", "sellingGeneralAndAdministrative": "181000000", "researchAndDevelopment": "None", "operatingExpenses": "217000000", "investmentIncomeNet": "None", "netInterestIncome": "-269000000", "interestIncome": "269000000", "interestExpense": "269000000", "nonInterestIncome": "None", "otherNonOperatingIncome": "-18000000", "depreciation": "None", "depreciationAndAmortization": "61000000", "incomeBeforeTax": "312000000", "incomeTaxExpense": "73000000", "interestAndDebtExpense": "None", "netIncomeFromContinuingOperations": "239000000", "comprehensiveIncomeNetOfTax": "None", "ebit": "581000000", "ebitda": "642000000", "netIncome": "238000000"}, {"fiscalDateEnding": "2022-03-31", "reportedCurrency": "USD", "grossProfit": "736000000", "totalRevenue": "1327000000", "costOfRevenue": "591000000", "costofGoodsAndServicesSold": "591000000", "operatingIncome": "520000000", "sellingGeneralAndAdministrative": "177000000", "researchAndDevelopment": "None", "operatingExpenses": "216000000", "investmentIncomeNet": "None", "netInterestIncome": "-266000000", "interestIncome": "266000000", "interestExpense": "266000000", "nonInterestIncome": "None", "otherNonOperatingIncome": "6000000", "depreciation": "None", "depreciationAndAmortization": "62000000", "incomeBeforeTax": "260000000", "incomeTaxExpense": "61000000", "interestAndDebtExpense": "None", "netIncomeFromContinuingOperations": "199000000", "comprehensiveIncomeNetOfTax": "None", "ebit": "526000000", "ebitda": "588000000", "netIncome": "199000000"}, {"fiscalDateEnding": "2021-12-31", "reportedCurrency": "USD", "grossProfit": "661000000", "totalRevenue": "1194000000", "costOfRevenue": "533000000", "costofGoodsAndServicesSold": "533000000", "operatingIncome": "455000000", "sellingGeneralAndAdministrative": "166000000", "researchAndDevelopment": "None", "operatingExpenses": "206000000", "investmentIncomeNet": "None", "netInterestIncome": "-264000000", "interestIncome": "264000000", "interestExpense": "264000000", "nonInterestIncome": "None", "otherNonOperatingIncome": "2000000", "depreciation": "None", "depreciationAndAmortization": "65000000", "incomeBeforeTax": "193000000", "incomeTaxExpense": "30000000", "interestAndDebtExpense": "None", "netIncomeFromContinuingOperations": "163000000", "comprehensiveIncomeNetOfTax": "None", "ebit": "457000000", "ebitda": "522000000", "netIncome": "163000000"}, {"fiscalDateEnding": "2021-09-30", "reportedCurrency": "USD", "grossProfit": "725000000", "totalRevenue": "1279000000", "costOfRevenue": "554000000", "costofGoodsAndServicesSold": "554000000", "operatingIncome": "535000000", "sellingGeneralAndAdministrative": "149000000", "researchAndDevelopment": "105600000", "operatingExpenses": "190000000", "investmentIncomeNet": "None", "netInterestIncome": "-262000000", "interestIncome": "261000000", "interestExpense": "262000000", "nonInterestIncome": "None", "otherNonOperatingIncome": "14000000", "depreciation": "None", "depreciationAndAmortization": "65000000", "incomeBeforeTax": "287000000", "incomeTaxExpense": "79000000", "interestAndDebtExpense": "None", "netIncomeFromContinuingOperations": "209000000", "comprehensiveIncomeNetOfTax": "None", "ebit": "548000000", "ebitda": "613000000", "netIncome": "209000000"}, {"fiscalDateEnding": "2021-06-30", "reportedCurrency": "USD", "grossProfit": "655000000", "totalRevenue": "1218000000", "costOfRevenue": "563000000", "costofGoodsAndServicesSold": "563000000", "operatingIncome": "447000000", "sellingGeneralAndAdministrative": "168000000", "researchAndDevelopment": "None", "operatingExpenses": "208000000", "investmentIncomeNet": "None", "netInterestIncome": "-276000000", "interestIncome": "263000000", "interestExpense": "276000000", "nonInterestIncome": "None", "otherNonOperatingIncome": "60000000", "depreciation": "None", "depreciationAndAmortization": "64000000", "incomeBeforeTax": "244000000", "incomeTaxExpense": "-73000000", "interestAndDebtExpense": "None", "netIncomeFromContinuingOperations": "317000000", "comprehensiveIncomeNetOfTax": "None", "ebit": "507000000", "ebitda": "571000000", "netIncome": "317000000"}, {"fiscalDateEnding": "2021-03-31", "reportedCurrency": "USD", "grossProfit": "592000000", "totalRevenue": "1194000000", "costOfRevenue": "602000000", "costofGoodsAndServicesSold": "602000000", "operatingIncome": "394000000", "sellingGeneralAndAdministrative": "152000000", "researchAndDevelopment": "None", "operatingExpenses": "198000000", "investmentIncomeNet": "None", "netInterestIncome": "-292000000", "interestIncome": "268000000", "interestExpense": "292000000", "nonInterestIncome": "None", "otherNonOperatingIncome": "4000000", "depreciation": "None", "depreciationAndAmortization": "66000000", "incomeBeforeTax": "130000000", "incomeTaxExpense": "25000000", "interestAndDebtExpense": "None", "netIncomeFromContinuingOperations": "105000000", "comprehensiveIncomeNetOfTax": "None", "ebit": "398000000", "ebitda": "464000000", "netIncome": "104000000"}, {"fiscalDateEnding": "2020-12-31", "reportedCurrency": "USD", "grossProfit": "541000000", "totalRevenue": "1108000000", "costOfRevenue": "567000000", "costofGoodsAndServicesSold": "567000000", "operatingIncome": "315000000", "sellingGeneralAndAdministrative": "182000000", "researchAndDevelopment": "None", "operatingExpenses": "226000000", "investmentIncomeNet": "None", "netInterestIncome": "-267000000", "interestIncome": "267000000", "interestExpense": "267000000", "nonInterestIncome": "None", "otherNonOperatingIncome": "5000000", "depreciation": "None", "depreciationAndAmortization": "58000000", "incomeBeforeTax": "53000000", "incomeTaxExpense": "3000000", "interestAndDebtExpense": "None", "netIncomeFromContinuingOperations": "50000000", "comprehensiveIncomeNetOfTax": "None", "ebit": "320000000", "ebitda": "378000000", "netIncome": "50000000"}, {"fiscalDateEnding": "2020-09-30", "reportedCurrency": "USD", "grossProfit": "536000000", "totalRevenue": "1173000000", "costOfRevenue": "637000000", "costofGoodsAndServicesSold": "637000000", "operatingIncome": "312000000", "sellingGeneralAndAdministrative": "176000000", "researchAndDevelopment": "130900000", "operatingExpenses": "224000000", "investmentIncomeNet": "None", "netInterestIncome": "-268000000", "interestIncome": "267000000", "interestExpense": "269000000", "nonInterestIncome": "None", "otherNonOperatingIncome": "40000000", "depreciation": "None", "depreciationAndAmortization": "72000000", "incomeBeforeTax": "76000000", "incomeTaxExpense": "-25000000", "interestAndDebtExpense": "None", "netIncomeFromContinuingOperations": "101000000", "comprehensiveIncomeNetOfTax": "None", "ebit": "343000000", "ebitda": "415000000", "netIncome": "82000000"}, {"fiscalDateEnding": "2020-06-30", "reportedCurrency": "USD", "grossProfit": "491000000", "totalRevenue": "1022000000", "costOfRevenue": "531000000", "costofGoodsAndServicesSold": "531000000", "operatingIncome": "286000000", "sellingGeneralAndAdministrative": "147000000", "researchAndDevelopment": "None", "operatingExpenses": "205000000", "investmentIncomeNet": "None", "netInterestIncome": "-263000000", "interestIncome": "262000000", "interestExpense": "262000000", "nonInterestIncome": "None", "otherNonOperatingIncome": "10000000", "depreciation": "None", "depreciationAndAmortization": "70000000", "incomeBeforeTax": "34000000", "incomeTaxExpense": "39000000", "interestAndDebtExpense": "None", "netIncomeFromContinuingOperations": "-5000000", "comprehensiveIncomeNetOfTax": "None", "ebit": "296000000", "ebitda": "366000000", "netIncome": "-6000000"}, {"fiscalDateEnding": "2020-03-31", "reportedCurrency": "USD", "grossProfit": "818000000", "totalRevenue": "1443000000", "costOfRevenue": "625000000", "costofGoodsAndServicesSold": "625000000", "operatingIncome": "592000000", "sellingGeneralAndAdministrative": "172000000", "researchAndDevelopment": "None", "operatingExpenses": "226000000", "investmentIncomeNet": "None", "netInterestIncome": "-255000000", "interestIncome": "252000000", "interestExpense": "254000000", "nonInterestIncome": "None", "otherNonOperatingIncome": "-3000000", "depreciation": "None", "depreciationAndAmortization": "72000000", "incomeBeforeTax": "337000000", "incomeTaxExpense": "14000000", "interestAndDebtExpense": "None", "netIncomeFromContinuingOperations": "323000000", "comprehensiveIncomeNetOfTax": "None", "ebit": "589000000", "ebitda": "661000000", "netIncome": "319000000"}, {"fiscalDateEnding": "2019-12-31", "reportedCurrency": "USD", "grossProfit": "801000000", "totalRevenue": "1465000000", "costOfRevenue": "664000000", "costofGoodsAndServicesSold": "664000000", "operatingIncome": "560000000", "sellingGeneralAndAdministrative": "200000000", "researchAndDevelopment": "None", "operatingExpenses": "241000000", "investmentIncomeNet": "None", "netInterestIncome": "-270000000", "interestIncome": "248000000", "interestExpense": "269000000", "nonInterestIncome": "None", "otherNonOperatingIncome": "-19000000", "depreciation": "None", "depreciationAndAmortization": "69000000", "incomeBeforeTax": "293000000", "incomeTaxExpense": "59000000", "interestAndDebtExpense": "None", "netIncomeFromContinuingOperations": "234000000", "comprehensiveIncomeNetOfTax": "None", "ebit": "541000000", "ebitda": "610000000", "netIncome": "304000000"}, {"fiscalDateEnding": "2019-09-30", "reportedCurrency": "USD", "grossProfit": "820458000", "totalRevenue": "1540927000", "costOfRevenue": "720469000", "costofGoodsAndServicesSold": "720469000", "operatingIncome": "622298000", "sellingGeneralAndAdministrative": "173600000", "researchAndDevelopment": "116800000", "operatingExpenses": "198160000", "investmentIncomeNet": "None", "netInterestIncome": "-244525000", "interestIncome": "245052000", "interestExpense": "251359000", "nonInterestIncome": "None", "otherNonOperatingIncome": "None", "depreciation": "None", "depreciationAndAmortization": "87707000", "incomeBeforeTax": "367216000", "incomeTaxExpense": "50059000", "interestAndDebtExpense": "None", "netIncomeFromContinuingOperations": "297595000", "comprehensiveIncomeNetOfTax": "None", "ebit": "618575000", "ebitda": "706282000", "netIncome": "260158000"}, {"fiscalDateEnding": "2019-06-30", "reportedCurrency": "USD", "grossProfit": "688000000", "totalRevenue": "1521000000", "costOfRevenue": "833000000", "costofGoodsAndServicesSold": "833000000", "operatingIncome": "474000000", "sellingGeneralAndAdministrative": "236500000", "researchAndDevelopment": "None", "operatingExpenses": "214000000", "investmentIncomeNet": "None", "netInterestIncome": "-241398000", "interestIncome": "241000000", "interestExpense": "240000000", "nonInterestIncome": "None", "otherNonOperatingIncome": "106000", "depreciation": "None", "depreciationAndAmortization": "63000000", "incomeBeforeTax": "183000000", "incomeTaxExpense": "55000000", "interestAndDebtExpense": "None", "netIncomeFromContinuingOperations": "144610000", "comprehensiveIncomeNetOfTax": "None", "ebit": "423000000", "ebitda": "486000000", "netIncome": "145000000"}, {"fiscalDateEnding": "2019-03-31", "reportedCurrency": "USD", "grossProfit": "628000000", "totalRevenue": "1168000000", "costOfRevenue": "540000000", "costofGoodsAndServicesSold": "540000000", "operatingIncome": "489000000", "sellingGeneralAndAdministrative": "143400000", "researchAndDevelopment": "None", "operatingExpenses": "139000000", "investmentIncomeNet": "None", "netInterestIncome": "-204707000", "interestIncome": "None", "interestExpense": "204692000", "nonInterestIncome": "None", "otherNonOperatingIncome": "3298000", "depreciation": "None", "depreciationAndAmortization": "38758000", "incomeBeforeTax": "263000000", "incomeTaxExpense": "63000000", "interestAndDebtExpense": "None", "netIncomeFromContinuingOperations": "202632000", "comprehensiveIncomeNetOfTax": "None", "ebit": "467692000", "ebitda": "506450000", "netIncome": "202000000"}, {"fiscalDateEnding": "2018-12-31", "reportedCurrency": "USD", "grossProfit": "545783000", "totalRevenue": "993302000", "costOfRevenue": "447519000", "costofGoodsAndServicesSold": "447519000", "operatingIncome": "429500000", "sellingGeneralAndAdministrative": "116300000", "researchAndDevelopment": "0", "operatingExpenses": "116283000", "investmentIncomeNet": "None", "netInterestIncome": "None", "interestIncome": "None", "interestExpense": "171444000", "nonInterestIncome": "None", "otherNonOperatingIncome": "136000", "depreciation": "None", "depreciationAndAmortization": "35276000", "incomeBeforeTax": "249764000", "incomeTaxExpense": "53722000", "interestAndDebtExpense": "None", "netIncomeFromContinuingOperations": "303486000", "comprehensiveIncomeNetOfTax": "None", "ebit": "421208000", "ebitda": "456484000", "netIncome": "171733000"}, {"fiscalDateEnding": "2018-09-30", "reportedCurrency": "USD", "grossProfit": "583805000", "totalRevenue": "1049434000", "costOfRevenue": "465629000", "costofGoodsAndServicesSold": "465629000", "operatingIncome": "461583000", "sellingGeneralAndAdministrative": "122200000", "researchAndDevelopment": "73800000", "operatingExpenses": "122222000", "investmentIncomeNet": "None", "netInterestIncome": "None", "interestIncome": "None", "interestExpense": "173718000", "nonInterestIncome": "None", "otherNonOperatingIncome": "486000", "depreciation": "None", "depreciationAndAmortization": "34310000", "incomeBeforeTax": "281865000", "incomeTaxExpense": "51571000", "interestAndDebtExpense": "None", "netIncomeFromContinuingOperations": "333436000", "comprehensiveIncomeNetOfTax": "None", "ebit": "455583000", "ebitda": "489893000", "netIncome": "230294000"}, {"fiscalDateEnding": "2018-06-30", "reportedCurrency": "USD", "grossProfit": "553796000", "totalRevenue": "980662000", "costOfRevenue": "426866000", "costofGoodsAndServicesSold": "426866000", "operatingIncome": "444477000", "sellingGeneralAndAdministrative": "109300000", "researchAndDevelopment": "0", "operatingExpenses": "109319000", "investmentIncomeNet": "None", "netInterestIncome": "None", "interestIncome": "None", "interestExpense": "171736000", "nonInterestIncome": "None", "otherNonOperatingIncome": "4159000", "depreciation": "None", "depreciationAndAmortization": "33745000", "incomeBeforeTax": "265541000", "incomeTaxExpense": "48150000", "interestAndDebtExpense": "None", "netIncomeFromContinuingOperations": "313691000", "comprehensiveIncomeNetOfTax": "None", "ebit": "437277000", "ebitda": "471022000", "netIncome": "217391000"}, {"fiscalDateEnding": "2018-03-31", "reportedCurrency": "USD", "grossProfit": "519217000", "totalRevenue": "933070000", "costOfRevenue": "413853000", "costofGoodsAndServicesSold": "413853000", "operatingIncome": "413591000", "sellingGeneralAndAdministrative": "105600000", "researchAndDevelopment": "0", "operatingExpenses": "105626000", "investmentIncomeNet": "None", "netInterestIncome": "None", "interestIncome": "None", "interestExpense": "161904000", "nonInterestIncome": "None", "otherNonOperatingIncome": "638000", "depreciation": "None", "depreciationAndAmortization": "30799000", "incomeBeforeTax": "247187000", "incomeTaxExpense": "45347000", "interestAndDebtExpense": "None", "netIncomeFromContinuingOperations": "292534000", "comprehensiveIncomeNetOfTax": "None", "ebit": "409091000", "ebitda": "439890000", "netIncome": "201446000"}, {"fiscalDateEnding": "2017-12-31", "reportedCurrency": "USD", "grossProfit": "460438000", "totalRevenue": "847960000", "costOfRevenue": "387522000", "costofGoodsAndServicesSold": "387522000", "operatingIncome": "355010000", "sellingGeneralAndAdministrative": "105400000", "researchAndDevelopment": "0", "operatingExpenses": "105428000", "investmentIncomeNet": "None", "netInterestIncome": "None", "interestIncome": "None", "interestExpense": "162046000", "nonInterestIncome": "None", "otherNonOperatingIncome": "1113000", "depreciation": "None", "depreciationAndAmortization": "30497000", "incomeBeforeTax": "190964000", "incomeTaxExpense": "-121047000", "interestAndDebtExpense": "None", "netIncomeFromContinuingOperations": "69917000", "comprehensiveIncomeNetOfTax": "None", "ebit": "353010000", "ebitda": "383507000", "netIncome": "258627000"}, {"fiscalDateEnding": "2017-09-30", "reportedCurrency": "USD", "grossProfit": "514034999", "totalRevenue": "923885000", "costOfRevenue": "409850000", "costofGoodsAndServicesSold": "409850000", "operatingIncome": "406737000", "sellingGeneralAndAdministrative": "103100000", "researchAndDevelopment": "73800000", "operatingExpenses": "107298000", "investmentIncomeNet": "None", "netInterestIncome": "None", "interestIncome": "None", "interestExpense": "160474000", "nonInterestIncome": "None", "otherNonOperatingIncome": "3871000", "depreciation": "None", "depreciationAndAmortization": "31417000", "incomeBeforeTax": "247463000", "incomeTaxExpense": "63316000", "interestAndDebtExpense": "None", "netIncomeFromContinuingOperations": "602890000", "comprehensiveIncomeNetOfTax": "None", "ebit": "407937000", "ebitda": "439354000", "netIncome": "90172000"}, {"fiscalDateEnding": "2017-06-30", "reportedCurrency": "USD", "grossProfit": "497437000", "totalRevenue": "897655000", "costOfRevenue": "400218000", "costofGoodsAndServicesSold": "400218000", "operatingIncome": "392433000", "sellingGeneralAndAdministrative": "107100000", "researchAndDevelopment": "0", "operatingExpenses": "105004000", "investmentIncomeNet": "None", "netInterestIncome": "None", "interestIncome": "None", "interestExpense": "152486000", "nonInterestIncome": "None", "otherNonOperatingIncome": "345000", "depreciation": "None", "depreciationAndAmortization": "36107000", "incomeBeforeTax": "235847000", "incomeTaxExpense": "66015000", "interestAndDebtExpense": "None", "netIncomeFromContinuingOperations": "169053000", "comprehensiveIncomeNetOfTax": "None", "ebit": "388333000", "ebitda": "424440000", "netIncome": "169053000"}, {"fiscalDateEnding": "2017-03-31", "reportedCurrency": "USD", "grossProfit": "469954000", "totalRevenue": "873232000", "costOfRevenue": "403278000", "costofGoodsAndServicesSold": "403278000", "operatingIncome": "371262000", "sellingGeneralAndAdministrative": "98700000", "researchAndDevelopment": "0", "operatingExpenses": "98692000", "investmentIncomeNet": "None", "netInterestIncome": "None", "interestIncome": "None", "interestExpense": "151349000", "nonInterestIncome": "None", "otherNonOperatingIncome": "3507000", "depreciation": "None", "depreciationAndAmortization": "34879000", "incomeBeforeTax": "215013000", "incomeTaxExpense": "59508000", "interestAndDebtExpense": "None", "netIncomeFromContinuingOperations": "155505000", "comprehensiveIncomeNetOfTax": "None", "ebit": "366362000", "ebitda": "401241000", "netIncome": "155505000"}, {"fiscalDateEnding": "2016-12-31", "reportedCurrency": "USD", "grossProfit": "419224000", "totalRevenue": "814018000", "costOfRevenue": "394794000", "costofGoodsAndServicesSold": "394794000", "operatingIncome": "319009000", "sellingGeneralAndAdministrative": "100200000", "researchAndDevelopment": "0", "operatingExpenses": "100215000", "investmentIncomeNet": "None", "netInterestIncome": "None", "interestIncome": "None", "interestExpense": "174988000", "nonInterestIncome": "None", "otherNonOperatingIncome": "32084000", "depreciation": "None", "depreciationAndAmortization": "38048000", "incomeBeforeTax": "138921000", "incomeTaxExpense": "20050000", "interestAndDebtExpense": "None", "netIncomeFromContinuingOperations": "118871000", "comprehensiveIncomeNetOfTax": "None", "ebit": "313909000", "ebitda": "351957000", "netIncome": "22900000"}, {"fiscalDateEnding": "2016-09-30", "reportedCurrency": "USD", "grossProfit": "460348000", "totalRevenue": "875223000", "costOfRevenue": "414875000", "costofGoodsAndServicesSold": "414875000", "operatingIncome": "349001000", "sellingGeneralAndAdministrative": "103200000", "researchAndDevelopment": "58600000", "operatingExpenses": "111347000", "investmentIncomeNet": "None", "netInterestIncome": "None", "interestIncome": "None", "interestExpense": "139907000", "nonInterestIncome": "None", "otherNonOperatingIncome": "31448000", "depreciation": "None", "depreciationAndAmortization": "36569000", "incomeBeforeTax": "209094000", "incomeTaxExpense": "54426000", "interestAndDebtExpense": "None", "netIncomeFromContinuingOperations": "192289000", "comprehensiveIncomeNetOfTax": "None", "ebit": "349001000", "ebitda": "385570000", "netIncome": "154668000"}, {"fiscalDateEnding": "2016-06-30", "reportedCurrency": "USD", "grossProfit": "443515000", "totalRevenue": "797692000", "costOfRevenue": "354177000", "costofGoodsAndServicesSold": "354177000", "operatingIncome": "330642000", "sellingGeneralAndAdministrative": "87600000", "researchAndDevelopment": "0", "operatingExpenses": "112873000", "investmentIncomeNet": "None", "netInterestIncome": "None", "interestIncome": "None", "interestExpense": "120812000", "nonInterestIncome": "None", "otherNonOperatingIncome": "-15654000", "depreciation": "None", "depreciationAndAmortization": "18629000", "incomeBeforeTax": "194176000", "incomeTaxExpense": "53579000", "interestAndDebtExpense": "None", "netIncomeFromContinuingOperations": "140597000", "comprehensiveIncomeNetOfTax": "None", "ebit": "325923000", "ebitda": "344552000", "netIncome": "160622000"}, {"fiscalDateEnding": "2016-03-31", "reportedCurrency": "USD", "grossProfit": "425661000", "totalRevenue": "796801000", "costOfRevenue": "371140000", "costofGoodsAndServicesSold": "371140000", "operatingIncome": "312075000", "sellingGeneralAndAdministrative": "87300000", "researchAndDevelopment": "0", "operatingExpenses": "113586000", "investmentIncomeNet": "None", "netInterestIncome": "None", "interestIncome": "None", "interestExpense": "111288000", "nonInterestIncome": "None", "otherNonOperatingIncome": "None", "depreciation": "None", "depreciationAndAmortization": "18522000", "incomeBeforeTax": "200787000", "incomeTaxExpense": "62160000", "interestAndDebtExpense": "None", "netIncomeFromContinuingOperations": "138627000", "comprehensiveIncomeNetOfTax": "None", "ebit": "293553000", "ebitda": "312075000", "netIncome": "141683000"}, {"fiscalDateEnding": "2015-12-31", "reportedCurrency": "USD", "grossProfit": "374567000", "totalRevenue": "701695000", "costOfRevenue": "327128000", "costofGoodsAndServicesSold": "327128000", "operatingIncome": "276041000", "sellingGeneralAndAdministrative": "78900000", "researchAndDevelopment": "0", "operatingExpenses": "98526000", "investmentIncomeNet": "None", "netInterestIncome": "None", "interestIncome": "None", "interestExpense": "111983000", "nonInterestIncome": "None", "otherNonOperatingIncome": "32084000", "depreciation": "None", "depreciationAndAmortization": "16323000", "incomeBeforeTax": "164058000", "incomeTaxExpense": "49157000", "interestAndDebtExpense": "None", "netIncomeFromContinuingOperations": "114901000", "comprehensiveIncomeNetOfTax": "None", "ebit": "259718000", "ebitda": "276041000", "netIncome": "126441000"}, {"fiscalDateEnding": "2015-09-30", "reportedCurrency": "USD", "grossProfit": "427600000", "totalRevenue": "809792000", "costOfRevenue": "382192000", "costofGoodsAndServicesSold": "382192000", "operatingIncome": "313077000", "sellingGeneralAndAdministrative": "88600000", "researchAndDevelopment": "48300000", "operatingExpenses": "114523000", "investmentIncomeNet": "None", "netInterestIncome": "None", "interestIncome": "None", "interestExpense": "113162000", "nonInterestIncome": "None", "otherNonOperatingIncome": "36552000", "depreciation": "None", "depreciationAndAmortization": "16253000", "incomeBeforeTax": "199681000", "incomeTaxExpense": "58008000", "interestAndDebtExpense": "None", "netIncomeFromContinuingOperations": "141673000", "comprehensiveIncomeNetOfTax": "None", "ebit": "228823000", "ebitda": "245076000", "netIncome": "141673000"}, {"fiscalDateEnding": "2015-06-30", "reportedCurrency": "USD", "grossProfit": "359455000", "totalRevenue": "691395000", "costOfRevenue": "331940000", "costofGoodsAndServicesSold": "331940000", "operatingIncome": "263696000", "sellingGeneralAndAdministrative": "77600000", "researchAndDevelopment": "0", "operatingExpenses": "95759000", "investmentIncomeNet": "None", "netInterestIncome": "None", "interestIncome": "None", "interestExpense": "106796000", "nonInterestIncome": "None", "otherNonOperatingIncome": "-18159000", "depreciation": "None", "depreciationAndAmortization": "13910000", "incomeBeforeTax": "138741000", "incomeTaxExpense": "39629000", "interestAndDebtExpense": "None", "netIncomeFromContinuingOperations": "99112000", "comprehensiveIncomeNetOfTax": "None", "ebit": "258548000", "ebitda": "272458000", "netIncome": "99112000"}, {"fiscalDateEnding": "2015-03-31", "reportedCurrency": "USD", "grossProfit": "341630000", "totalRevenue": "619030000", "costOfRevenue": "277400000", "costofGoodsAndServicesSold": "277400000", "operatingIncome": "256561000", "sellingGeneralAndAdministrative": "70500000", "researchAndDevelopment": "0", "operatingExpenses": "81530000", "investmentIncomeNet": "None", "netInterestIncome": "None", "interestIncome": "None", "interestExpense": "99892000", "nonInterestIncome": "None", "otherNonOperatingIncome": "None", "depreciation": "None", "depreciationAndAmortization": "19064000", "incomeBeforeTax": "156669000", "incomeTaxExpense": "45775000", "interestAndDebtExpense": "None", "netIncomeFromContinuingOperations": "110894000", "comprehensiveIncomeNetOfTax": "None", "ebit": "256561000", "ebitda": "275625000", "netIncome": "110894000"}, {"fiscalDateEnding": "2014-12-31", "reportedCurrency": "USD", "grossProfit": "321173000", "totalRevenue": "586898000", "costOfRevenue": "265725000", "costofGoodsAndServicesSold": "265725000", "operatingIncome": "240668000", "sellingGeneralAndAdministrative": "67300000", "researchAndDevelopment": "0", "operatingExpenses": "80505000", "investmentIncomeNet": "None", "netInterestIncome": "None", "interestIncome": "None", "interestExpense": "98935000", "nonInterestIncome": "None", "otherNonOperatingIncome": "None", "depreciation": "None", "depreciationAndAmortization": "13026000", "incomeBeforeTax": "141733000", "incomeTaxExpense": "46200000", "interestAndDebtExpense": "None", "netIncomeFromContinuingOperations": "95533000", "comprehensiveIncomeNetOfTax": "None", "ebit": "227642000", "ebitda": "240668000", "netIncome": "92168000"}, {"fiscalDateEnding": "2014-09-30", "reportedCurrency": "USD", "grossProfit": "348628000", "totalRevenue": "642241000", "costOfRevenue": "293613000", "costofGoodsAndServicesSold": "293613000", "operatingIncome": "258720000", "sellingGeneralAndAdministrative": "75700000", "researchAndDevelopment": "42300000", "operatingExpenses": "89908000", "investmentIncomeNet": "None", "netInterestIncome": "None", "interestIncome": "None", "interestExpense": "96933000", "nonInterestIncome": "None", "otherNonOperatingIncome": "-132000", "depreciation": "None", "depreciationAndAmortization": "13223000", "incomeBeforeTax": "161655000", "incomeTaxExpense": "47400000", "interestAndDebtExpense": "None", "netIncomeFromContinuingOperations": "114255000", "comprehensiveIncomeNetOfTax": "None", "ebit": "170824000", "ebitda": "184047000", "netIncome": "108157000"}, {"fiscalDateEnding": "2014-06-30", "reportedCurrency": "USD", "grossProfit": "327528000", "totalRevenue": "610582000", "costOfRevenue": "283054000", "costofGoodsAndServicesSold": "283054000", "operatingIncome": "239980000", "sellingGeneralAndAdministrative": "70800000", "researchAndDevelopment": "0", "operatingExpenses": "87548000", "investmentIncomeNet": "None", "netInterestIncome": "None", "interestIncome": "None", "interestExpense": "87613000", "nonInterestIncome": "None", "otherNonOperatingIncome": "-131490000", "depreciation": "None", "depreciationAndAmortization": "16402000", "incomeBeforeTax": "20877000", "incomeTaxExpense": "4700000", "interestAndDebtExpense": "None", "netIncomeFromContinuingOperations": "16177000", "comprehensiveIncomeNetOfTax": "None", "ebit": "252734000", "ebitda": "269136000", "netIncome": "16177000"}, {"fiscalDateEnding": "2014-03-31", "reportedCurrency": "USD", "grossProfit": "307582000", "totalRevenue": "590761000", "costOfRevenue": "283179000", "costofGoodsAndServicesSold": "283179000", "operatingIncome": "218494000", "sellingGeneralAndAdministrative": "68700000", "researchAndDevelopment": "0", "operatingExpenses": "89088000", "investmentIncomeNet": "None", "netInterestIncome": "None", "interestIncome": "None", "interestExpense": "82289000", "nonInterestIncome": "None", "otherNonOperatingIncome": "None", "depreciation": "None", "depreciationAndAmortization": "17600000", "incomeBeforeTax": "136205000", "incomeTaxExpense": "45850000", "interestAndDebtExpense": "None", "netIncomeFromContinuingOperations": "90355000", "comprehensiveIncomeNetOfTax": "None", "ebit": "200894000", "ebitda": "218494000", "netIncome": "84869000"}, {"fiscalDateEnding": "2013-12-31", "reportedCurrency": "USD", "grossProfit": "284136000", "totalRevenue": "529322000", "costOfRevenue": "245186000", "costofGoodsAndServicesSold": "245186000", "operatingIncome": "210626000", "sellingGeneralAndAdministrative": "56400000", "researchAndDevelopment": "0", "operatingExpenses": "73510000", "investmentIncomeNet": "None", "netInterestIncome": "None", "interestIncome": "None", "interestExpense": "80853000", "nonInterestIncome": "None", "otherNonOperatingIncome": "None", "depreciation": "None", "depreciationAndAmortization": "16383000", "incomeBeforeTax": "129773000", "incomeTaxExpense": "43650000", "interestAndDebtExpense": "None", "netIncomeFromContinuingOperations": "86123000", "comprehensiveIncomeNetOfTax": "None", "ebit": "194243000", "ebitda": "210626000", "netIncome": "81984000"}, {"fiscalDateEnding": "2013-09-30", "reportedCurrency": "USD", "grossProfit": "282719000", "totalRevenue": "539737000", "costOfRevenue": "257018000", "costofGoodsAndServicesSold": "257018000", "operatingIncome": "205773000", "sellingGeneralAndAdministrative": "59800000", "researchAndDevelopment": "32100000", "operatingExpenses": "76946000", "investmentIncomeNet": "None", "netInterestIncome": "None", "interestIncome": "None", "interestExpense": "81246000", "nonInterestIncome": "None", "otherNonOperatingIncome": "None", "depreciation": "None", "depreciationAndAmortization": "15875000", "incomeBeforeTax": "124527000", "incomeTaxExpense": "40500000", "interestAndDebtExpense": "None", "netIncomeFromContinuingOperations": "84027000", "comprehensiveIncomeNetOfTax": "None", "ebit": "140063000", "ebitda": "155938000", "netIncome": "84027000"}, {"fiscalDateEnding": "2013-06-30", "reportedCurrency": "USD", "grossProfit": "268986000", "totalRevenue": "488636000", "costOfRevenue": "219650000", "costofGoodsAndServicesSold": "219650000", "operatingIncome": "176724000", "sellingGeneralAndAdministrative": "77500000", "researchAndDevelopment": "0", "operatingExpenses": "92262000", "investmentIncomeNet": "None", "netInterestIncome": "None", "interestIncome": "None", "interestExpense": "62469000", "nonInterestIncome": "None", "otherNonOperatingIncome": "None", "depreciation": "None", "depreciationAndAmortization": "9489000", "incomeBeforeTax": "114255000", "incomeTaxExpense": "37600000", "interestAndDebtExpense": "None", "netIncomeFromContinuingOperations": "76655000", "comprehensiveIncomeNetOfTax": "None", "ebit": "167235000", "ebitda": "176724000", "netIncome": "76655000"}, {"fiscalDateEnding": "2013-03-31", "reportedCurrency": "USD", "grossProfit": "259310000", "totalRevenue": "465609000", "costOfRevenue": "206299000", "costofGoodsAndServicesSold": "206299000", "operatingIncome": "194112000", "sellingGeneralAndAdministrative": "54800000", "researchAndDevelopment": "0", "operatingExpenses": "65198000", "investmentIncomeNet": "None", "netInterestIncome": "None", "interestIncome": "None", "interestExpense": "64094000", "nonInterestIncome": "None", "otherNonOperatingIncome": "-30281000", "depreciation": "None", "depreciationAndAmortization": "9735000", "incomeBeforeTax": "99737000", "incomeTaxExpense": "31800000", "interestAndDebtExpense": "None", "netIncomeFromContinuingOperations": "67937000", "comprehensiveIncomeNetOfTax": "None", "ebit": "170417000", "ebitda": "180152000", "netIncome": "67937000"}, {"fiscalDateEnding": "2012-12-31", "reportedCurrency": "USD", "grossProfit": "238547000", "totalRevenue": "430418000", "costOfRevenue": "191871000", "costofGoodsAndServicesSold": "191871000", "operatingIncome": "172846000", "sellingGeneralAndAdministrative": "54500000", "researchAndDevelopment": "0", "operatingExpenses": "65701000", "investmentIncomeNet": "None", "netInterestIncome": "None", "interestIncome": "None", "interestExpense": "62876000", "nonInterestIncome": "None", "otherNonOperatingIncome": "None", "depreciation": "None", "depreciationAndAmortization": "10540000", "incomeBeforeTax": "109970000", "incomeTaxExpense": "35800000", "interestAndDebtExpense": "None", "netIncomeFromContinuingOperations": "74170000", "comprehensiveIncomeNetOfTax": "None", "ebit": "162306000", "ebitda": "172846000", "netIncome": "74170000"}, {"fiscalDateEnding": "2012-09-30", "reportedCurrency": "USD", "grossProfit": "256820000", "totalRevenue": "462606000", "costOfRevenue": "205786000", "costofGoodsAndServicesSold": "205786000", "operatingIncome": "191418000", "sellingGeneralAndAdministrative": "54979000", "researchAndDevelopment": "27900000", "operatingExpenses": "65402000", "investmentIncomeNet": "None", "netInterestIncome": "None", "interestIncome": "None", "interestExpense": "55152000", "nonInterestIncome": "None", "otherNonOperatingIncome": "None", "depreciation": "None", "depreciationAndAmortization": "11114000", "incomeBeforeTax": "136266000", "incomeTaxExpense": "48400000", "interestAndDebtExpense": "None", "netIncomeFromContinuingOperations": "87866000", "comprehensiveIncomeNetOfTax": "None", "ebit": "129658000", "ebitda": "140772000", "netIncome": "87866000"}, {"fiscalDateEnding": "2012-06-30", "reportedCurrency": "USD", "grossProfit": "253302000", "totalRevenue": "461660000", "costOfRevenue": "208358000", "costofGoodsAndServicesSold": "208358000", "operatingIncome": "185864000", "sellingGeneralAndAdministrative": "55600000", "researchAndDevelopment": "0", "operatingExpenses": "67438000", "investmentIncomeNet": "None", "netInterestIncome": "None", "interestIncome": "None", "interestExpense": "55393000", "nonInterestIncome": "None", "otherNonOperatingIncome": "None", "depreciation": "None", "depreciationAndAmortization": "11341000", "incomeBeforeTax": "130471000", "incomeTaxExpense": "40025000", "interestAndDebtExpense": "None", "netIncomeFromContinuingOperations": "90446000", "comprehensiveIncomeNetOfTax": "None", "ebit": "174523000", "ebitda": "185864000", "netIncome": "90446000"}, {"fiscalDateEnding": "2012-03-31", "reportedCurrency": "USD", "grossProfit": "236040000", "totalRevenue": "423469000", "costOfRevenue": "187429000", "costofGoodsAndServicesSold": "187429000", "operatingIncome": "177227000", "sellingGeneralAndAdministrative": "49900000", "researchAndDevelopment": "0", "operatingExpenses": "58813000", "investmentIncomeNet": "None", "netInterestIncome": "None", "interestIncome": "None", "interestExpense": "52300000", "nonInterestIncome": "None", "otherNonOperatingIncome": "None", "depreciation": "None", "depreciationAndAmortization": "9339000", "incomeBeforeTax": "124927000", "incomeTaxExpense": "43375000", "interestAndDebtExpense": "None", "netIncomeFromContinuingOperations": "81552000", "comprehensiveIncomeNetOfTax": "None", "ebit": "167888000", "ebitda": "177227000", "netIncome": "81552000"}, {"fiscalDateEnding": "2011-12-31", "reportedCurrency": "USD", "grossProfit": "199555000", "totalRevenue": "352473000", "costOfRevenue": "152918000", "costofGoodsAndServicesSold": "152918000", "operatingIncome": "145266000", "sellingGeneralAndAdministrative": "38600000", "researchAndDevelopment": "0", "operatingExpenses": "54289000", "investmentIncomeNet": "None", "netInterestIncome": "None", "interestIncome": "None", "interestExpense": "49061000", "nonInterestIncome": "None", "otherNonOperatingIncome": "None", "depreciation": "None", "depreciationAndAmortization": "12439000", "incomeBeforeTax": "96205000", "incomeTaxExpense": "31100000", "interestAndDebtExpense": "None", "netIncomeFromContinuingOperations": "65105000", "comprehensiveIncomeNetOfTax": "None", "ebit": "132827000", "ebitda": "145266000", "netIncome": "58507000"}, {"fiscalDateEnding": "2011-09-30", "reportedCurrency": "USD", "grossProfit": "193016000", "totalRevenue": "342953000", "costOfRevenue": "149937000", "costofGoodsAndServicesSold": "149937000", "operatingIncome": "142390000", "sellingGeneralAndAdministrative": "38471000", "researchAndDevelopment": "19300000", "operatingExpenses": "50626000", "investmentIncomeNet": "None", "netInterestIncome": "None", "interestIncome": "None", "interestExpense": "48703000", "nonInterestIncome": "None", "otherNonOperatingIncome": "-70767000", "depreciation": "None", "depreciationAndAmortization": "17601000", "incomeBeforeTax": "93650000", "incomeTaxExpense": "29337000", "interestAndDebtExpense": "None", "netIncomeFromContinuingOperations": "64531000", "comprehensiveIncomeNetOfTax": "None", "ebit": "142353000", "ebitda": "159954000", "netIncome": "67395000"}, {"fiscalDateEnding": "2011-06-30", "reportedCurrency": "USD", "grossProfit": "183149000", "totalRevenue": "325209000", "costOfRevenue": "142060000", "costofGoodsAndServicesSold": "142060000", "operatingIncome": "139155000", "sellingGeneralAndAdministrative": "732000", "researchAndDevelopment": "0", "operatingExpenses": "43994000", "investmentIncomeNet": "None", "netInterestIncome": "None", "interestIncome": "None", "interestExpense": "49860000", "nonInterestIncome": "None", "otherNonOperatingIncome": "-38000", "depreciation": "None", "depreciationAndAmortization": "12445000", "incomeBeforeTax": "89257000", "incomeTaxExpense": "30889000", "interestAndDebtExpense": "None", "netIncomeFromContinuingOperations": "58368000", "comprehensiveIncomeNetOfTax": "None", "ebit": "144234000", "ebitda": "156679000", "netIncome": "56280000"}, {"fiscalDateEnding": "2011-03-31", "reportedCurrency": "USD", "grossProfit": "158556000", "totalRevenue": "311345000", "costOfRevenue": "152789000", "costofGoodsAndServicesSold": "152789000", "operatingIncome": "113204000", "sellingGeneralAndAdministrative": "31272000", "researchAndDevelopment": "0", "operatingExpenses": "45352000", "investmentIncomeNet": "None", "netInterestIncome": "None", "interestIncome": "None", "interestExpense": "54137000", "nonInterestIncome": "None", "otherNonOperatingIncome": "-1649000", "depreciation": "None", "depreciationAndAmortization": "17658000", "incomeBeforeTax": "57418000", "incomeTaxExpense": "20745000", "interestAndDebtExpense": "None", "netIncomeFromContinuingOperations": "36673000", "comprehensiveIncomeNetOfTax": "None", "ebit": "110615000", "ebitda": "128273000", "netIncome": "55817000"}, {"fiscalDateEnding": "2010-12-31", "reportedCurrency": "USD", "grossProfit": "127732000", "totalRevenue": "240046000", "costOfRevenue": "112314000", "costofGoodsAndServicesSold": "112314000", "operatingIncome": "21557000", "sellingGeneralAndAdministrative": "30500000", "researchAndDevelopment": "0", "operatingExpenses": "106175000", "investmentIncomeNet": "None", "netInterestIncome": "None", "interestIncome": "None", "interestExpense": "32554000", "nonInterestIncome": "None", "otherNonOperatingIncome": "None", "depreciation": "None", "depreciationAndAmortization": "4415000", "incomeBeforeTax": "-10997000", "incomeTaxExpense": "-3650000", "interestAndDebtExpense": "None", "netIncomeFromContinuingOperations": "-7347000", "comprehensiveIncomeNetOfTax": "None", "ebit": "25820000", "ebitda": "30235000", "netIncome": "-7347000"}, {"fiscalDateEnding": "2010-09-30", "reportedCurrency": "USD", "grossProfit": "132371000", "totalRevenue": "223117000", "costOfRevenue": "90746000", "costofGoodsAndServicesSold": "90746000", "operatingIncome": "103280000", "sellingGeneralAndAdministrative": "25514000", "researchAndDevelopment": "13900000", "operatingExpenses": "29091000", "investmentIncomeNet": "None", "netInterestIncome": "None", "interestIncome": "None", "interestExpense": "27085000", "nonInterestIncome": "None", "otherNonOperatingIncome": "None", "depreciation": "None", "depreciationAndAmortization": "7631000", "incomeBeforeTax": "76195000", "incomeTaxExpense": "25560000", "interestAndDebtExpense": "None", "netIncomeFromContinuingOperations": "0", "comprehensiveIncomeNetOfTax": "None", "ebit": "103280000", "ebitda": "110911000", "netIncome": "50635000"}, {"fiscalDateEnding": "2010-06-30", "reportedCurrency": "USD", "grossProfit": "122433000", "totalRevenue": "214182000", "costOfRevenue": "91749000", "costofGoodsAndServicesSold": "91749000", "operatingIncome": "95277000", "sellingGeneralAndAdministrative": "44000", "researchAndDevelopment": "0", "operatingExpenses": "27156000", "investmentIncomeNet": "None", "netInterestIncome": "None", "interestIncome": "None", "interestExpense": "28222000", "nonInterestIncome": "None", "otherNonOperatingIncome": "None", "depreciation": "None", "depreciationAndAmortization": "3812000", "incomeBeforeTax": "67055000", "incomeTaxExpense": "23050000", "interestAndDebtExpense": "None", "netIncomeFromContinuingOperations": "44005000", "comprehensiveIncomeNetOfTax": "None", "ebit": "95277000", "ebitda": "99089000", "netIncome": "44005000"}, {"fiscalDateEnding": "2010-03-31", "reportedCurrency": "USD", "grossProfit": "115203", "totalRevenue": "206077", "costOfRevenue": "90874", "costofGoodsAndServicesSold": "90874", "operatingIncome": "88059", "sellingGeneralAndAdministrative": "6000", "researchAndDevelopment": "0", "operatingExpenses": "27144", "investmentIncomeNet": "None", "netInterestIncome": "None", "interestIncome": "None", "interestExpense": "28414", "nonInterestIncome": "None", "otherNonOperatingIncome": "None", "depreciation": "None", "depreciationAndAmortization": "3550", "incomeBeforeTax": "59645", "incomeTaxExpense": "21600", "interestAndDebtExpense": "None", "netIncomeFromContinuingOperations": "0", "comprehensiveIncomeNetOfTax": "None", "ebit": "88059", "ebitda": "91609", "netIncome": "38045"}, {"fiscalDateEnding": "2009-12-31", "reportedCurrency": "USD", "grossProfit": "103059000", "totalRevenue": "184278000", "costOfRevenue": "81219000", "costofGoodsAndServicesSold": "81219000", "operatingIncome": "76453000", "sellingGeneralAndAdministrative": "34000", "researchAndDevelopment": "0", "operatingExpenses": "26606000", "investmentIncomeNet": "None", "netInterestIncome": "None", "interestIncome": "None", "interestExpense": "28515000", "nonInterestIncome": "None", "otherNonOperatingIncome": "None", "depreciation": "None", "depreciationAndAmortization": "4140000", "incomeBeforeTax": "47938000", "incomeTaxExpense": "17180000", "interestAndDebtExpense": "None", "netIncomeFromContinuingOperations": "0", "comprehensiveIncomeNetOfTax": "None", "ebit": "72313000", "ebitda": "76453000", "netIncome": "445000"}, {"fiscalDateEnding": "2009-09-30", "reportedCurrency": "USD", "grossProfit": "108396000", "totalRevenue": "197354000", "costOfRevenue": "88958000", "costofGoodsAndServicesSold": "88958000", "operatingIncome": "82541000", "sellingGeneralAndAdministrative": "22081000", "researchAndDevelopment": "12600000", "operatingExpenses": "25855000", "investmentIncomeNet": "None", "netInterestIncome": "None", "interestIncome": "None", "interestExpense": "19550000", "nonInterestIncome": "None", "otherNonOperatingIncome": "None", "depreciation": "None", "depreciationAndAmortization": "7179000", "incomeBeforeTax": "62991000", "incomeTaxExpense": "21380000", "interestAndDebtExpense": "None", "netIncomeFromContinuingOperations": "0", "comprehensiveIncomeNetOfTax": "None", "ebit": "82541000", "ebitda": "89720000", "netIncome": "41611000"}, {"fiscalDateEnding": "2009-06-30", "reportedCurrency": "USD", "grossProfit": "107851000", "totalRevenue": "189875000", "costOfRevenue": "82024000", "costofGoodsAndServicesSold": "82024000", "operatingIncome": "85197000", "sellingGeneralAndAdministrative": "49000", "researchAndDevelopment": "0", "operatingExpenses": "22654000", "investmentIncomeNet": "None", "netInterestIncome": "None", "interestIncome": "None", "interestExpense": "21226000", "nonInterestIncome": "None", "otherNonOperatingIncome": "None", "depreciation": "None", "depreciationAndAmortization": "6741000", "incomeBeforeTax": "63971000", "incomeTaxExpense": "22583000", "interestAndDebtExpense": "None", "netIncomeFromContinuingOperations": "0", "comprehensiveIncomeNetOfTax": "None", "ebit": "85197000", "ebitda": "91938000", "netIncome": "41388000"}, {"fiscalDateEnding": "2009-03-31", "reportedCurrency": "USD", "grossProfit": "108811000", "totalRevenue": "193047000", "costOfRevenue": "84236000", "costofGoodsAndServicesSold": "84236000", "operatingIncome": "84774000", "sellingGeneralAndAdministrative": "12000", "researchAndDevelopment": "0", "operatingExpenses": "24037000", "investmentIncomeNet": "None", "netInterestIncome": "None", "interestIncome": "None", "interestExpense": "21640000", "nonInterestIncome": "None", "otherNonOperatingIncome": "None", "depreciation": "None", "depreciationAndAmortization": "6888000", "incomeBeforeTax": "63134000", "incomeTaxExpense": "22830000", "interestAndDebtExpense": "None", "netIncomeFromContinuingOperations": "0", "comprehensiveIncomeNetOfTax": "None", "ebit": "84774000", "ebitda": "91662000", "netIncome": "40304000"}, {"fiscalDateEnding": "2008-12-31", "reportedCurrency": "USD", "grossProfit": "104288000", "totalRevenue": "181276000", "costOfRevenue": "76988000", "costofGoodsAndServicesSold": "76988000", "operatingIncome": "82888000", "sellingGeneralAndAdministrative": "24000", "researchAndDevelopment": "0", "operatingExpenses": "21400000", "investmentIncomeNet": "None", "netInterestIncome": "None", "interestIncome": "None", "interestExpense": "21982000", "nonInterestIncome": "None", "otherNonOperatingIncome": "None", "depreciation": "None", "depreciationAndAmortization": "6713000", "incomeBeforeTax": "60906000", "incomeTaxExpense": "21307000", "interestAndDebtExpense": "None", "netIncomeFromContinuingOperations": "0", "comprehensiveIncomeNetOfTax": "None", "ebit": "76175000", "ebitda": "82888000", "netIncome": "39599000"}, {"fiscalDateEnding": "2008-09-30", "reportedCurrency": "USD", "grossProfit": "103438000", "totalRevenue": "189238000", "costOfRevenue": "85800000", "costofGoodsAndServicesSold": "85800000", "operatingIncome": "81176000", "sellingGeneralAndAdministrative": "19101000", "researchAndDevelopment": "13200000", "operatingExpenses": "22262000", "investmentIncomeNet": "None", "netInterestIncome": "None", "interestIncome": "None", "interestExpense": "92677000", "nonInterestIncome": "None", "otherNonOperatingIncome": "None", "depreciation": "None", "depreciationAndAmortization": "4320000", "incomeBeforeTax": "58870000", "incomeTaxExpense": "20881000", "interestAndDebtExpense": "None", "netIncomeFromContinuingOperations": "0", "comprehensiveIncomeNetOfTax": "None", "ebit": "81176000", "ebitda": "85496000", "netIncome": "37989000"}, {"fiscalDateEnding": "2008-06-30", "reportedCurrency": "USD", "grossProfit": "100482000", "totalRevenue": "186052000", "costOfRevenue": "85570000", "costofGoodsAndServicesSold": "85570000", "operatingIncome": "78418000", "sellingGeneralAndAdministrative": "17000", "researchAndDevelopment": "0", "operatingExpenses": "22064000", "investmentIncomeNet": "None", "netInterestIncome": "None", "interestIncome": "None", "interestExpense": "21849000", "nonInterestIncome": "None", "otherNonOperatingIncome": "None", "depreciation": "None", "depreciationAndAmortization": "6968000", "incomeBeforeTax": "56569000", "incomeTaxExpense": "20570000", "interestAndDebtExpense": "None", "netIncomeFromContinuingOperations": "0", "comprehensiveIncomeNetOfTax": "None", "ebit": "71450000", "ebitda": "78418000", "netIncome": "35999000"}, {"fiscalDateEnding": "2008-03-31", "reportedCurrency": "USD", "grossProfit": "93919000", "totalRevenue": "175285000", "costOfRevenue": "81366000", "costofGoodsAndServicesSold": "81366000", "operatingIncome": "72776000", "sellingGeneralAndAdministrative": "40000", "researchAndDevelopment": "0", "operatingExpenses": "21143000", "investmentIncomeNet": "None", "netInterestIncome": "None", "interestIncome": "None", "interestExpense": "24015000", "nonInterestIncome": "None", "otherNonOperatingIncome": "None", "depreciation": "None", "depreciationAndAmortization": "6543000", "incomeBeforeTax": "48761000", "incomeTaxExpense": "16591000", "interestAndDebtExpense": "None", "netIncomeFromContinuingOperations": "0", "comprehensiveIncomeNetOfTax": "None", "ebit": "66233000", "ebitda": "72776000", "netIncome": "32170000"}, {"fiscalDateEnding": "2007-12-31", "reportedCurrency": "USD", "grossProfit": "88092000", "totalRevenue": "163136000", "costOfRevenue": "75044000", "costofGoodsAndServicesSold": "75044000", "operatingIncome": "66909000", "sellingGeneralAndAdministrative": "28000", "researchAndDevelopment": "0", "operatingExpenses": "21183000", "investmentIncomeNet": "None", "netInterestIncome": "None", "interestIncome": "None", "interestExpense": "24507000", "nonInterestIncome": "None", "otherNonOperatingIncome": "None", "depreciation": "None", "depreciationAndAmortization": "7423000", "incomeBeforeTax": "42402000", "incomeTaxExpense": "15434000", "interestAndDebtExpense": "None", "netIncomeFromContinuingOperations": "0", "comprehensiveIncomeNetOfTax": "None", "ebit": "59486000", "ebitda": "66909000", "netIncome": "26968000"}, {"fiscalDateEnding": "2007-09-30", "reportedCurrency": "USD", "grossProfit": "88074000", "totalRevenue": "168038000", "costOfRevenue": "79964000", "costofGoodsAndServicesSold": "79964000", "operatingIncome": "65544000", "sellingGeneralAndAdministrative": "18843000", "researchAndDevelopment": "9600000", "operatingExpenses": "22530000", "investmentIncomeNet": "None", "netInterestIncome": "None", "interestIncome": "None", "interestExpense": "91767000", "nonInterestIncome": "None", "otherNonOperatingIncome": "None", "depreciation": "None", "depreciationAndAmortization": "7835000", "incomeBeforeTax": "40097000", "incomeTaxExpense": "15422000", "interestAndDebtExpense": "None", "netIncomeFromContinuingOperations": "0", "comprehensiveIncomeNetOfTax": "None", "ebit": "65544000", "ebitda": "73379000", "netIncome": "24675000"}, {"fiscalDateEnding": "2007-06-30", "reportedCurrency": "USD", "grossProfit": "82253000", "totalRevenue": "157613000", "costOfRevenue": "75360000", "costofGoodsAndServicesSold": "75360000", "operatingIncome": "61306000", "sellingGeneralAndAdministrative": "17340000", "researchAndDevelopment": "0", "operatingExpenses": "20947000", "investmentIncomeNet": "None", "netInterestIncome": "None", "interestIncome": "None", "interestExpense": "25924000", "nonInterestIncome": "None", "otherNonOperatingIncome": "None", "depreciation": "None", "depreciationAndAmortization": "7530000", "incomeBeforeTax": "35382000", "incomeTaxExpense": "13261000", "interestAndDebtExpense": "None", "netIncomeFromContinuingOperations": "0", "comprehensiveIncomeNetOfTax": "None", "ebit": "53776000", "ebitda": "61306000", "netIncome": "22121000"}, {"fiscalDateEnding": "2007-03-31", "reportedCurrency": "USD", "grossProfit": "75071000", "totalRevenue": "144438000", "costOfRevenue": "69367000", "costofGoodsAndServicesSold": "69367000", "operatingIncome": "57117000", "sellingGeneralAndAdministrative": "14586000", "researchAndDevelopment": "0", "operatingExpenses": "17954000", "investmentIncomeNet": "None", "netInterestIncome": "None", "interestIncome": "None", "interestExpense": "22603000", "nonInterestIncome": "None", "otherNonOperatingIncome": "None", "depreciation": "None", "depreciationAndAmortization": "7080000", "incomeBeforeTax": "34514000", "incomeTaxExpense": "13000000", "interestAndDebtExpense": "None", "netIncomeFromContinuingOperations": "0", "comprehensiveIncomeNetOfTax": "None", "ebit": "50037000", "ebitda": "57117000", "netIncome": "21514000"}, {"fiscalDateEnding": "2006-12-31", "reportedCurrency": "USD", "grossProfit": "63634000", "totalRevenue": "122709000", "costOfRevenue": "59075000", "costofGoodsAndServicesSold": "59075000", "operatingIncome": "49871000", "sellingGeneralAndAdministrative": "21000", "researchAndDevelopment": "0", "operatingExpenses": "13763000", "investmentIncomeNet": "None", "netInterestIncome": "None", "interestIncome": "None", "interestExpense": "17793000", "nonInterestIncome": "None", "otherNonOperatingIncome": "None", "depreciation": "None", "depreciationAndAmortization": "4654000", "incomeBeforeTax": "32078000", "incomeTaxExpense": "11743000", "interestAndDebtExpense": "None", "netIncomeFromContinuingOperations": "0", "comprehensiveIncomeNetOfTax": "None", "ebit": "45217000", "ebitda": "49871000", "netIncome": "20335000"}, {"fiscalDateEnding": "2006-09-30", "reportedCurrency": "USD", "grossProfit": "58463000", "totalRevenue": "115892000", "costOfRevenue": "57429000", "costofGoodsAndServicesSold": "57429000", "operatingIncome": "45536000", "sellingGeneralAndAdministrative": "11250000", "researchAndDevelopment": "3900000", "operatingExpenses": "12927000", "investmentIncomeNet": "None", "netInterestIncome": "None", "interestIncome": "None", "interestExpense": "37845000", "nonInterestIncome": "None", "otherNonOperatingIncome": "None", "depreciation": "None", "depreciationAndAmortization": "4740000", "incomeBeforeTax": "27490000", "incomeTaxExpense": "12268000", "interestAndDebtExpense": "None", "netIncomeFromContinuingOperations": "0", "comprehensiveIncomeNetOfTax": "None", "ebit": "45536000", "ebitda": "50276000", "netIncome": "15222000"}, {"fiscalDateEnding": "2006-06-30", "reportedCurrency": "USD", "grossProfit": "57107000", "totalRevenue": "110856000", "costOfRevenue": "53749000", "costofGoodsAndServicesSold": "53749000", "operatingIncome": "-4307000", "sellingGeneralAndAdministrative": "43000", "researchAndDevelopment": "0", "operatingExpenses": "61414000", "investmentIncomeNet": "None", "netInterestIncome": "None", "interestIncome": "None", "interestExpense": "19505000", "nonInterestIncome": "None", "otherNonOperatingIncome": "None", "depreciation": "None", "depreciationAndAmortization": "27507000", "incomeBeforeTax": "-23812000", "incomeTaxExpense": "-10449000", "interestAndDebtExpense": "None", "netIncomeFromContinuingOperations": "0", "comprehensiveIncomeNetOfTax": "None", "ebit": "-4307000", "ebitda": "23200000", "netIncome": "-13363000"}, {"fiscalDateEnding": "2006-03-31", "reportedCurrency": "USD", "grossProfit": "56477000", "totalRevenue": "108276000", "costOfRevenue": "51799000", "costofGoodsAndServicesSold": "51799000", "operatingIncome": "42601000", "sellingGeneralAndAdministrative": "10754000", "researchAndDevelopment": "0", "operatingExpenses": "13876000", "investmentIncomeNet": "None", "netInterestIncome": "None", "interestIncome": "None", "interestExpense": "19382000", "nonInterestIncome": "None", "otherNonOperatingIncome": "None", "depreciation": "None", "depreciationAndAmortization": "5195000", "incomeBeforeTax": "23219000", "incomeTaxExpense": "8945000", "interestAndDebtExpense": "None", "netIncomeFromContinuingOperations": "0", "comprehensiveIncomeNetOfTax": "None", "ebit": "37406000", "ebitda": "42601000", "netIncome": "14274000"}, {"fiscalDateEnding": "2005-12-31", "reportedCurrency": "USD", "grossProfit": "49243000", "totalRevenue": "100140000", "costOfRevenue": "50897000", "costofGoodsAndServicesSold": "50897000", "operatingIncome": "34337000", "sellingGeneralAndAdministrative": "6158000", "researchAndDevelopment": "0", "operatingExpenses": "15086000", "investmentIncomeNet": "None", "netInterestIncome": "None", "interestIncome": "None", "interestExpense": "19799000", "nonInterestIncome": "None", "otherNonOperatingIncome": "None", "depreciation": "None", "depreciationAndAmortization": "5390000", "incomeBeforeTax": "14538000", "incomeTaxExpense": "5554000", "interestAndDebtExpense": "None", "netIncomeFromContinuingOperations": "0", "comprehensiveIncomeNetOfTax": "None", "ebit": "34157000", "ebitda": "39547000", "netIncome": "8984000"}]}