{"symbol": "APPF", "annualReports": [{"fiscalDateEnding": "2025-12-31", "reportedCurrency": "USD", "grossProfit": "582830000", "totalRevenue": "950822000", "costOfRevenue": "367992000", "costofGoodsAndServicesSold": "367992000", "operatingIncome": "152917000", "sellingGeneralAndAdministrative": "95590000", "researchAndDevelopment": "190419000", "operatingExpenses": "429913000", "investmentIncomeNet": "None", "netInterestIncome": "8157000", "interestIncome": "8157000", "interestExpense": "None", "nonInterestIncome": "None", "otherNonOperatingIncome": "None", "depreciation": "None", "depreciationAndAmortization": "22651000", "incomeBeforeTax": "161112000", "incomeTaxExpense": "20189000", "interestAndDebtExpense": "None", "netIncomeFromContinuingOperations": "140923000", "comprehensiveIncomeNetOfTax": "None", "ebit": "161112000", "ebitda": "183763000", "netIncome": "140923000"}, {"fiscalDateEnding": "2024-12-31", "reportedCurrency": "USD", "grossProfit": "492590000", "totalRevenue": "794202000", "costOfRevenue": "301612000", "costofGoodsAndServicesSold": "301612000", "operatingIncome": "135644000", "sellingGeneralAndAdministrative": "85974000", "researchAndDevelopment": "160375000", "operatingExpenses": "356946000", "investmentIncomeNet": "None", "netInterestIncome": "13981000", "interestIncome": "13981000", "interestExpense": "None", "nonInterestIncome": "None", "otherNonOperatingIncome": "None", "depreciation": "None", "depreciationAndAmortization": "19545000", "incomeBeforeTax": "150322000", "incomeTaxExpense": "-53746000", "interestAndDebtExpense": "None", "netIncomeFromContinuingOperations": "204068000", "comprehensiveIncomeNetOfTax": "None", "ebit": "150322000", "ebitda": "169867000", "netIncome": "204068000"}, {"fiscalDateEnding": "2023-12-31", "reportedCurrency": "USD", "grossProfit": "382369000", "totalRevenue": "620445000", "costOfRevenue": "238076000", "costofGoodsAndServicesSold": "238076000", "operatingIncome": "963000", "sellingGeneralAndAdministrative": "93452000", "researchAndDevelopment": "151364000", "operatingExpenses": "381406000", "investmentIncomeNet": "None", "netInterestIncome": "5179000", "interestIncome": "7031000", "interestExpense": "None", "nonInterestIncome": "None", "otherNonOperatingIncome": "None", "depreciation": "None", "depreciationAndAmortization": "28632000", "incomeBeforeTax": "7997000", "incomeTaxExpense": "5295000", "interestAndDebtExpense": "None", "netIncomeFromContinuingOperations": "-47266000", "comprehensiveIncomeNetOfTax": "None", "ebit": "963000", "ebitda": "29595000", "netIncome": "2702000"}, {"fiscalDateEnding": "2022-12-31", "reportedCurrency": "USD", "grossProfit": "280057000", "totalRevenue": "471883000", "costOfRevenue": "191826000", "costofGoodsAndServicesSold": "191826000", "operatingIncome": "-72370000", "sellingGeneralAndAdministrative": "100792000", "researchAndDevelopment": "111118000", "operatingExpenses": "352427000", "investmentIncomeNet": "None", "netInterestIncome": "1184000", "interestIncome": "1184000", "interestExpense": "1184000", "nonInterestIncome": "None", "otherNonOperatingIncome": "4469000", "depreciation": "None", "depreciationAndAmortization": "36306000", "incomeBeforeTax": "-66717000", "incomeTaxExpense": "1402000", "interestAndDebtExpense": "None", "netIncomeFromContinuingOperations": "-68119000", "comprehensiveIncomeNetOfTax": "None", "ebit": "-72370000", "ebitda": "-36064000", "netIncome": "-68119000"}, {"fiscalDateEnding": "2021-12-31", "reportedCurrency": "USD", "grossProfit": "215426000", "totalRevenue": "359370000", "costOfRevenue": "143944000", "costofGoodsAndServicesSold": "143944000", "operatingIncome": "-11878000", "sellingGeneralAndAdministrative": "57279000", "researchAndDevelopment": "65980000", "operatingExpenses": "227304000", "investmentIncomeNet": "None", "netInterestIncome": "501000", "interestIncome": "501000", "interestExpense": "501000", "nonInterestIncome": "None", "otherNonOperatingIncome": "13111000", "depreciation": "None", "depreciationAndAmortization": "34044000", "incomeBeforeTax": "1734000", "incomeTaxExpense": "706000", "interestAndDebtExpense": "None", "netIncomeFromContinuingOperations": "1028000", "comprehensiveIncomeNetOfTax": "None", "ebit": "-11878000", "ebitda": "22166000", "netIncome": "1028000"}, {"fiscalDateEnding": "2020-12-31", "reportedCurrency": "USD", "grossProfit": "191027000", "totalRevenue": "310056000", "costOfRevenue": "119029000", "costofGoodsAndServicesSold": "119029000", "operatingIncome": "9783000", "sellingGeneralAndAdministrative": "47480000", "researchAndDevelopment": "48529000", "operatingExpenses": "181244000", "investmentIncomeNet": "None", "netInterestIncome": "-1849000", "interestIncome": "None", "interestExpense": "1849000", "nonInterestIncome": "None", "otherNonOperatingIncome": "188897000", "depreciation": "None", "depreciationAndAmortization": "30491000", "incomeBeforeTax": "196831000", "incomeTaxExpense": "38428000", "interestAndDebtExpense": "None", "netIncomeFromContinuingOperations": "158403000", "comprehensiveIncomeNetOfTax": "None", "ebit": "198680000", "ebitda": "229171000", "netIncome": "158403000"}, {"fiscalDateEnding": "2019-12-31", "reportedCurrency": "USD", "grossProfit": "154370000", "totalRevenue": "256012000", "costOfRevenue": "101642000", "costofGoodsAndServicesSold": "101642000", "operatingIncome": "6461000", "sellingGeneralAndAdministrative": "34478000", "researchAndDevelopment": "39508000", "operatingExpenses": "147909000", "investmentIncomeNet": "None", "netInterestIncome": "-1654000", "interestIncome": "1654000", "interestExpense": "1654000", "nonInterestIncome": "None", "otherNonOperatingIncome": "16000", "depreciation": "None", "depreciationAndAmortization": "26525000", "incomeBeforeTax": "4823000", "incomeTaxExpense": "-31459000", "interestAndDebtExpense": "None", "netIncomeFromContinuingOperations": "36282000", "comprehensiveIncomeNetOfTax": "None", "ebit": "6477000", "ebitda": "33002000", "netIncome": "36282000"}, {"fiscalDateEnding": "2018-12-31", "reportedCurrency": "USD", "grossProfit": "116522000", "totalRevenue": "190071000", "costOfRevenue": "73549000", "costofGoodsAndServicesSold": "73549000", "operatingIncome": "19656000", "sellingGeneralAndAdministrative": "24891000", "researchAndDevelopment": "24111000", "operatingExpenses": "96866000", "investmentIncomeNet": "None", "netInterestIncome": "787000", "interestIncome": "787000", "interestExpense": "0", "nonInterestIncome": "None", "otherNonOperatingIncome": "-56000", "depreciation": "None", "depreciationAndAmortization": "14576000", "incomeBeforeTax": "20387000", "incomeTaxExpense": "420000", "interestAndDebtExpense": "None", "netIncomeFromContinuingOperations": "19967000", "comprehensiveIncomeNetOfTax": "None", "ebit": "19656000", "ebitda": "34232000", "netIncome": "19967000"}, {"fiscalDateEnding": "2017-12-31", "reportedCurrency": "USD", "grossProfit": "88520000", "totalRevenue": "143803000", "costOfRevenue": "55283000", "costofGoodsAndServicesSold": "55283000", "operatingIncome": "9335000", "sellingGeneralAndAdministrative": "21199000", "researchAndDevelopment": "16578000", "operatingExpenses": "79185000", "investmentIncomeNet": "None", "netInterestIncome": "535000", "interestIncome": "535000", "interestExpense": "535000", "nonInterestIncome": "None", "otherNonOperatingIncome": "-96000", "depreciation": "None", "depreciationAndAmortization": "12699000", "incomeBeforeTax": "9774000", "incomeTaxExpense": "58000", "interestAndDebtExpense": "None", "netIncomeFromContinuingOperations": "9716000", "comprehensiveIncomeNetOfTax": "None", "ebit": "9335000", "ebitda": "22034000", "netIncome": "9716000"}, {"fiscalDateEnding": "2016-12-31", "reportedCurrency": "USD", "grossProfit": "60956000", "totalRevenue": "105586000", "costOfRevenue": "44630000", "costofGoodsAndServicesSold": "44630000", "operatingIncome": "-8423000", "sellingGeneralAndAdministrative": "17979000", "researchAndDevelopment": "12638000", "operatingExpenses": "69379000", "investmentIncomeNet": "None", "netInterestIncome": "246000", "interestIncome": "246000", "interestExpense": "246000", "nonInterestIncome": "None", "otherNonOperatingIncome": "-37000", "depreciation": "None", "depreciationAndAmortization": "9935000", "incomeBeforeTax": "-8214000", "incomeTaxExpense": "67000", "interestAndDebtExpense": "None", "netIncomeFromContinuingOperations": "-8281000", "comprehensiveIncomeNetOfTax": "None", "ebit": "-8423000", "ebitda": "1512000", "netIncome": "-8281000"}, {"fiscalDateEnding": "2015-12-31", "reportedCurrency": "USD", "grossProfit": "41074000", "totalRevenue": "74977000", "costOfRevenue": "33903000", "costofGoodsAndServicesSold": "33903000", "operatingIncome": "-15003000", "sellingGeneralAndAdministrative": "14343000", "researchAndDevelopment": "9554000", "operatingExpenses": "56077000", "investmentIncomeNet": "None", "netInterestIncome": "None", "interestIncome": "595000", "interestExpense": "595000", "nonInterestIncome": "None", "otherNonOperatingIncome": "5000", "depreciation": "None", "depreciationAndAmortization": "6104000", "incomeBeforeTax": "-15593000", "incomeTaxExpense": "75000", "interestAndDebtExpense": "None", "netIncomeFromContinuingOperations": "-15668000", "comprehensiveIncomeNetOfTax": "None", "ebit": "-14998000", "ebitda": "-8894000", "netIncome": "-15668000"}, {"fiscalDateEnding": "2014-12-31", "reportedCurrency": "USD", "grossProfit": "25116000", "totalRevenue": "47671000", "costOfRevenue": "22555000", "costofGoodsAndServicesSold": "22555000", "operatingIncome": "-8559000", "sellingGeneralAndAdministrative": "6489000", "researchAndDevelopment": "6505000", "operatingExpenses": "33675000", "investmentIncomeNet": "None", "netInterestIncome": "None", "interestIncome": "None", "interestExpense": "0", "nonInterestIncome": "None", "otherNonOperatingIncome": "None", "depreciation": "None", "depreciationAndAmortization": "3805000", "incomeBeforeTax": "-8621000", "incomeTaxExpense": "-59000", "interestAndDebtExpense": "None", "netIncomeFromContinuingOperations": "-8621000", "comprehensiveIncomeNetOfTax": "None", "ebit": "-8621000", "ebitda": "-4816000", "netIncome": "-8621000"}, {"fiscalDateEnding": "2013-12-31", "reportedCurrency": "USD", "grossProfit": "12926000", "totalRevenue": "26542000", "costOfRevenue": "13616000", "costofGoodsAndServicesSold": "13616000", "operatingIncome": "-7604000", "sellingGeneralAndAdministrative": "2286000", "researchAndDevelopment": "5057000", "operatingExpenses": "20530000", "investmentIncomeNet": "None", "netInterestIncome": "None", "interestIncome": "None", "interestExpense": "0", "nonInterestIncome": "None", "otherNonOperatingIncome": "None", "depreciation": "None", "depreciationAndAmortization": "2850000", "incomeBeforeTax": "-7305000", "incomeTaxExpense": "-12000", "interestAndDebtExpense": "None", "netIncomeFromContinuingOperations": "None", "comprehensiveIncomeNetOfTax": "None", "ebit": "-7305000", "ebitda": "-4455000", "netIncome": "-7305000"}], "quarterlyReports": [{"fiscalDateEnding": "2025-12-31", "reportedCurrency": "USD", "grossProfit": "152542000", "totalRevenue": "248192000", "costOfRevenue": "95650000", "costofGoodsAndServicesSold": "95650000", "operatingIncome": "43576000", "sellingGeneralAndAdministrative": "22857000", "researchAndDevelopment": "45950000", "operatingExpenses": "108966000", "investmentIncomeNet": "None", "netInterestIncome": "2048000", "interestIncome": "2048000", "interestExpense": "None", "nonInterestIncome": "None", "otherNonOperatingIncome": "None", "depreciation": "None", "depreciationAndAmortization": "5110000", "incomeBeforeTax": "45621000", "incomeTaxExpense": "5707000", "interestAndDebtExpense": "None", "netIncomeFromContinuingOperations": "39914000", "comprehensiveIncomeNetOfTax": "None", "ebit": "45621000", "ebitda": "50731000", "netIncome": "39914000"}, {"fiscalDateEnding": "2025-09-30", "reportedCurrency": "USD", "grossProfit": "157877000", "totalRevenue": "249353000", "costOfRevenue": "91476000", "costofGoodsAndServicesSold": "91476000", "operatingIncome": "35046000", "sellingGeneralAndAdministrative": "27446000", "researchAndDevelopment": "54037000", "operatingExpenses": "122831000", "investmentIncomeNet": "None", "netInterestIncome": "1690000", "interestIncome": "1690000", "interestExpense": "None", "nonInterestIncome": "None", "otherNonOperatingIncome": "None", "depreciation": "None", "depreciationAndAmortization": "5436000", "incomeBeforeTax": "36732000", "incomeTaxExpense": "3086000", "interestAndDebtExpense": "None", "netIncomeFromContinuingOperations": "33646000", "comprehensiveIncomeNetOfTax": "None", "ebit": "36732000", "ebitda": "42168000", "netIncome": "33646000"}, {"fiscalDateEnding": "2025-06-30", "reportedCurrency": "USD", "grossProfit": "151748000", "totalRevenue": "235575000", "costOfRevenue": "83827000", "costofGoodsAndServicesSold": "83827000", "operatingIncome": "40512000", "sellingGeneralAndAdministrative": "21936000", "researchAndDevelopment": "46674000", "operatingExpenses": "111236000", "investmentIncomeNet": "None", "netInterestIncome": "1466000", "interestIncome": "1466000", "interestExpense": "None", "nonInterestIncome": "None", "otherNonOperatingIncome": "None", "depreciation": "None", "depreciationAndAmortization": "6357000", "incomeBeforeTax": "41967000", "incomeTaxExpense": "5987000", "interestAndDebtExpense": "None", "netIncomeFromContinuingOperations": "35980000", "comprehensiveIncomeNetOfTax": "None", "ebit": "40512000", "ebitda": "46869000", "netIncome": "35980000"}, {"fiscalDateEnding": "2025-03-31", "reportedCurrency": "USD", "grossProfit": "138204000", "totalRevenue": "217702000", "costOfRevenue": "79498000", "costofGoodsAndServicesSold": "79498000", "operatingIncome": "33783000", "sellingGeneralAndAdministrative": "23351000", "researchAndDevelopment": "43758000", "operatingExpenses": "104421000", "investmentIncomeNet": "None", "netInterestIncome": "2953000", "interestIncome": "2953000", "interestExpense": "None", "nonInterestIncome": "None", "otherNonOperatingIncome": "None", "depreciation": "None", "depreciationAndAmortization": "6756000", "incomeBeforeTax": "36792000", "incomeTaxExpense": "5409000", "interestAndDebtExpense": "None", "netIncomeFromContinuingOperations": "31383000", "comprehensiveIncomeNetOfTax": "None", "ebit": "33783000", "ebitda": "40539000", "netIncome": "31383000"}, {"fiscalDateEnding": "2024-12-31", "reportedCurrency": "USD", "grossProfit": "122139000", "totalRevenue": "203664000", "costOfRevenue": "81525000", "costofGoodsAndServicesSold": "81525000", "operatingIncome": "22958000", "sellingGeneralAndAdministrative": "23449000", "researchAndDevelopment": "42296000", "operatingExpenses": "99181000", "investmentIncomeNet": "None", "netInterestIncome": "3499000", "interestIncome": "3499000", "interestExpense": "None", "nonInterestIncome": "None", "otherNonOperatingIncome": "None", "depreciation": "None", "depreciationAndAmortization": "5336000", "incomeBeforeTax": "27154000", "incomeTaxExpense": "-75580000", "interestAndDebtExpense": "None", "netIncomeFromContinuingOperations": "102734000", "comprehensiveIncomeNetOfTax": "None", "ebit": "27154000", "ebitda": "32490000", "netIncome": "102734000"}, {"fiscalDateEnding": "2024-09-30", "reportedCurrency": "USD", "grossProfit": "134102000", "totalRevenue": "205733000", "costOfRevenue": "71631000", "costofGoodsAndServicesSold": "71631000", "operatingIncome": "42568000", "sellingGeneralAndAdministrative": "21139000", "researchAndDevelopment": "40662000", "operatingExpenses": "91534000", "investmentIncomeNet": "None", "netInterestIncome": "4014000", "interestIncome": "4014000", "interestExpense": "None", "nonInterestIncome": "None", "otherNonOperatingIncome": "None", "depreciation": "None", "depreciationAndAmortization": "4400000", "incomeBeforeTax": "46582000", "incomeTaxExpense": "13576000", "interestAndDebtExpense": "None", "netIncomeFromContinuingOperations": "33006000", "comprehensiveIncomeNetOfTax": "None", "ebit": "42568000", "ebitda": "46968000", "netIncome": "33006000"}, {"fiscalDateEnding": "2024-06-30", "reportedCurrency": "USD", "grossProfit": "123104000", "totalRevenue": "197375000", "costOfRevenue": "74271000", "costofGoodsAndServicesSold": "74271000", "operatingIncome": "36028000", "sellingGeneralAndAdministrative": "20254000", "researchAndDevelopment": "39522000", "operatingExpenses": "87076000", "investmentIncomeNet": "None", "netInterestIncome": "3476000", "interestIncome": "3476000", "interestExpense": "None", "nonInterestIncome": "None", "otherNonOperatingIncome": "None", "depreciation": "None", "depreciationAndAmortization": "5200000", "incomeBeforeTax": "39504000", "incomeTaxExpense": "9839000", "interestAndDebtExpense": "None", "netIncomeFromContinuingOperations": "29665000", "comprehensiveIncomeNetOfTax": "None", "ebit": "36028000", "ebitda": "41228000", "netIncome": "29665000"}, {"fiscalDateEnding": "2024-03-31", "reportedCurrency": "USD", "grossProfit": "117572000", "totalRevenue": "187430000", "costOfRevenue": "69858000", "costofGoodsAndServicesSold": "69858000", "operatingIncome": "34090000", "sellingGeneralAndAdministrative": "21132000", "researchAndDevelopment": "37895000", "operatingExpenses": "83482000", "investmentIncomeNet": "None", "netInterestIncome": "2992000", "interestIncome": "2992000", "interestExpense": "None", "nonInterestIncome": "None", "otherNonOperatingIncome": "None", "depreciation": "None", "depreciationAndAmortization": "5735000", "incomeBeforeTax": "37082000", "incomeTaxExpense": "-1581000", "interestAndDebtExpense": "None", "netIncomeFromContinuingOperations": "38663000", "comprehensiveIncomeNetOfTax": "None", "ebit": "34089000", "ebitda": "39824000", "netIncome": "38663000"}, {"fiscalDateEnding": "2023-12-31", "reportedCurrency": "USD", "grossProfit": "110555000", "totalRevenue": "171830000", "costOfRevenue": "61275000", "costofGoodsAndServicesSold": "61275000", "operatingIncome": "28239000", "sellingGeneralAndAdministrative": "19035000", "researchAndDevelopment": "34847000", "operatingExpenses": "82316000", "investmentIncomeNet": "None", "netInterestIncome": "2404000", "interestIncome": "2404000", "interestExpense": "None", "nonInterestIncome": "None", "otherNonOperatingIncome": "None", "depreciation": "None", "depreciationAndAmortization": "6899000", "incomeBeforeTax": "30929000", "incomeTaxExpense": "661000", "interestAndDebtExpense": "None", "netIncomeFromContinuingOperations": "30268000", "comprehensiveIncomeNetOfTax": "None", "ebit": "28273000", "ebitda": "35172000", "netIncome": "30268000"}, {"fiscalDateEnding": "2023-09-30", "reportedCurrency": "USD", "grossProfit": "102701000", "totalRevenue": "165440000", "costOfRevenue": "62739000", "costofGoodsAndServicesSold": "62739000", "operatingIncome": "-67000", "sellingGeneralAndAdministrative": "23907000", "researchAndDevelopment": "45992000", "operatingExpenses": "102768000", "investmentIncomeNet": "None", "netInterestIncome": "1788000", "interestIncome": "1788000", "interestExpense": "None", "nonInterestIncome": "None", "otherNonOperatingIncome": "None", "depreciation": "None", "depreciationAndAmortization": "2580000", "incomeBeforeTax": "1472000", "incomeTaxExpense": "-24973000", "interestAndDebtExpense": "None", "netIncomeFromContinuingOperations": "26445000", "comprehensiveIncomeNetOfTax": "None", "ebit": "-67000", "ebitda": "2513000", "netIncome": "26445000"}, {"fiscalDateEnding": "2023-06-30", "reportedCurrency": "USD", "grossProfit": "89221000", "totalRevenue": "147075000", "costOfRevenue": "57854000", "costofGoodsAndServicesSold": "57854000", "operatingIncome": "-679000", "sellingGeneralAndAdministrative": "20719000", "researchAndDevelopment": "42163000", "operatingExpenses": "89900000", "investmentIncomeNet": "None", "netInterestIncome": "1478000", "interestIncome": "1478000", "interestExpense": "1478000", "nonInterestIncome": "None", "otherNonOperatingIncome": "-54000", "depreciation": "None", "depreciationAndAmortization": "1298000", "incomeBeforeTax": "745000", "incomeTaxExpense": "19646000", "interestAndDebtExpense": "None", "netIncomeFromContinuingOperations": "-18901000", "comprehensiveIncomeNetOfTax": "None", "ebit": "-2579000", "ebitda": "-1281000", "netIncome": "-18901000"}, {"fiscalDateEnding": "2023-03-31", "reportedCurrency": "USD", "grossProfit": "79892000", "totalRevenue": "136100000", "costOfRevenue": "56208000", "costofGoodsAndServicesSold": "56208000", "operatingIncome": "-26530000", "sellingGeneralAndAdministrative": "31691000", "researchAndDevelopment": "43562000", "operatingExpenses": "106422000", "investmentIncomeNet": "None", "netInterestIncome": "1361000", "interestIncome": "1361000", "interestExpense": "1215000", "nonInterestIncome": "None", "otherNonOperatingIncome": "20000", "depreciation": "None", "depreciationAndAmortization": "1037000", "incomeBeforeTax": "-25149000", "incomeTaxExpense": "9961000", "interestAndDebtExpense": "None", "netIncomeFromContinuingOperations": "-35110000", "comprehensiveIncomeNetOfTax": "None", "ebit": "-26530000", "ebitda": "-25493000", "netIncome": "-35110000"}, {"fiscalDateEnding": "2022-12-31", "reportedCurrency": "USD", "grossProfit": "73716000", "totalRevenue": "124058000", "costOfRevenue": "50342000", "costofGoodsAndServicesSold": "50342000", "operatingIncome": "-19952000", "sellingGeneralAndAdministrative": "24534000", "researchAndDevelopment": "31152000", "operatingExpenses": "93668000", "investmentIncomeNet": "None", "netInterestIncome": "552000", "interestIncome": "552000", "interestExpense": "552000", "nonInterestIncome": "None", "otherNonOperatingIncome": "None", "depreciation": "None", "depreciationAndAmortization": "8831000", "incomeBeforeTax": "-19187000", "incomeTaxExpense": "513000", "interestAndDebtExpense": "None", "netIncomeFromContinuingOperations": "-19700000", "comprehensiveIncomeNetOfTax": "None", "ebit": "-19952000", "ebitda": "-11121000", "netIncome": "-19700000"}, {"fiscalDateEnding": "2022-09-30", "reportedCurrency": "USD", "grossProfit": "74372000", "totalRevenue": "125079000", "costOfRevenue": "50707000", "costofGoodsAndServicesSold": "50707000", "operatingIncome": "-7819000", "sellingGeneralAndAdministrative": "19347000", "researchAndDevelopment": "28959000", "operatingExpenses": "82191000", "investmentIncomeNet": "None", "netInterestIncome": "374000", "interestIncome": "374000", "interestExpense": "374000", "nonInterestIncome": "None", "otherNonOperatingIncome": "4221000", "depreciation": "None", "depreciationAndAmortization": "8930000", "incomeBeforeTax": "-3224000", "incomeTaxExpense": "938000", "interestAndDebtExpense": "None", "netIncomeFromContinuingOperations": "-4162000", "comprehensiveIncomeNetOfTax": "None", "ebit": "-7819000", "ebitda": "1111000", "netIncome": "-4162000"}, {"fiscalDateEnding": "2022-06-30", "reportedCurrency": "USD", "grossProfit": "70020000", "totalRevenue": "117450000", "costOfRevenue": "47430000", "costofGoodsAndServicesSold": "47430000", "operatingIncome": "-29930000", "sellingGeneralAndAdministrative": "37947000", "researchAndDevelopment": "26687000", "operatingExpenses": "99950000", "investmentIncomeNet": "None", "netInterestIncome": "151000", "interestIncome": "151000", "interestExpense": "151000", "nonInterestIncome": "None", "otherNonOperatingIncome": "45000", "depreciation": "None", "depreciationAndAmortization": "9243000", "incomeBeforeTax": "-29734000", "incomeTaxExpense": "236000", "interestAndDebtExpense": "None", "netIncomeFromContinuingOperations": "-29970000", "comprehensiveIncomeNetOfTax": "None", "ebit": "-29734000", "ebitda": "-20491000", "netIncome": "-29970000"}, {"fiscalDateEnding": "2022-03-31", "reportedCurrency": "USD", "grossProfit": "61949000", "totalRevenue": "105296000", "costOfRevenue": "43347000", "costofGoodsAndServicesSold": "43347000", "operatingIncome": "-14669000", "sellingGeneralAndAdministrative": "18964000", "researchAndDevelopment": "24320000", "operatingExpenses": "76618000", "investmentIncomeNet": "None", "netInterestIncome": "107000", "interestIncome": "107000", "interestExpense": "107000", "nonInterestIncome": "None", "otherNonOperatingIncome": "-10000", "depreciation": "None", "depreciationAndAmortization": "9302000", "incomeBeforeTax": "-14572000", "incomeTaxExpense": "-285000", "interestAndDebtExpense": "None", "netIncomeFromContinuingOperations": "-14287000", "comprehensiveIncomeNetOfTax": "None", "ebit": "-14669000", "ebitda": "-5367000", "netIncome": "-14287000"}, {"fiscalDateEnding": "2021-12-31", "reportedCurrency": "USD", "grossProfit": "56503000", "totalRevenue": "95600000", "costOfRevenue": "39097000", "costofGoodsAndServicesSold": "39097000", "operatingIncome": "-7342000", "sellingGeneralAndAdministrative": "16308000", "researchAndDevelopment": "25291000", "operatingExpenses": "63845000", "investmentIncomeNet": "None", "netInterestIncome": "328000", "interestIncome": "None", "interestExpense": "328000", "nonInterestIncome": "None", "otherNonOperatingIncome": "12406000", "depreciation": "None", "depreciationAndAmortization": "1787000", "incomeBeforeTax": "5392000", "incomeTaxExpense": "6723000", "interestAndDebtExpense": "None", "netIncomeFromContinuingOperations": "-1331000", "comprehensiveIncomeNetOfTax": "None", "ebit": "-7342000", "ebitda": "-5555000", "netIncome": "-1331000"}, {"fiscalDateEnding": "2021-09-30", "reportedCurrency": "USD", "grossProfit": "57079000", "totalRevenue": "95809000", "costOfRevenue": "38730000", "costofGoodsAndServicesSold": "38730000", "operatingIncome": "-13000", "sellingGeneralAndAdministrative": "13404000", "researchAndDevelopment": "16500000", "operatingExpenses": "57092000", "investmentIncomeNet": "None", "netInterestIncome": "65000", "interestIncome": "None", "interestExpense": "65000", "nonInterestIncome": "None", "otherNonOperatingIncome": "-353000", "depreciation": "None", "depreciationAndAmortization": "8268000", "incomeBeforeTax": "-301000", "incomeTaxExpense": "-160000", "interestAndDebtExpense": "None", "netIncomeFromContinuingOperations": "-141000", "comprehensiveIncomeNetOfTax": "None", "ebit": "-13000", "ebitda": "8255000", "netIncome": "-141000"}, {"fiscalDateEnding": "2021-06-30", "reportedCurrency": "USD", "grossProfit": "56221000", "totalRevenue": "89040000", "costOfRevenue": "32819000", "costofGoodsAndServicesSold": "32819000", "operatingIncome": "1146000", "sellingGeneralAndAdministrative": "14206000", "researchAndDevelopment": "15506000", "operatingExpenses": "55075000", "investmentIncomeNet": "None", "netInterestIncome": "55000", "interestIncome": "None", "interestExpense": "55000", "nonInterestIncome": "None", "otherNonOperatingIncome": "496000", "depreciation": "None", "depreciationAndAmortization": "7956000", "incomeBeforeTax": "1697000", "incomeTaxExpense": "-324000", "interestAndDebtExpense": "None", "netIncomeFromContinuingOperations": "2021000", "comprehensiveIncomeNetOfTax": "None", "ebit": "1146000", "ebitda": "9102000", "netIncome": "2021000"}, {"fiscalDateEnding": "2021-03-31", "reportedCurrency": "USD", "grossProfit": "45623000", "totalRevenue": "78921000", "costOfRevenue": "33298000", "costofGoodsAndServicesSold": "33298000", "operatingIncome": "-5669000", "sellingGeneralAndAdministrative": "13361000", "researchAndDevelopment": "14383000", "operatingExpenses": "51292000", "investmentIncomeNet": "None", "netInterestIncome": "53000", "interestIncome": "None", "interestExpense": "53000", "nonInterestIncome": "None", "otherNonOperatingIncome": "562000", "depreciation": "None", "depreciationAndAmortization": "7633000", "incomeBeforeTax": "-5054000", "incomeTaxExpense": "-5533000", "interestAndDebtExpense": "None", "netIncomeFromContinuingOperations": "479000", "comprehensiveIncomeNetOfTax": "None", "ebit": "-5669000", "ebitda": "1964000", "netIncome": "479000"}, {"fiscalDateEnding": "2020-12-31", "reportedCurrency": "USD", "grossProfit": "42527000", "totalRevenue": "72432000", "costOfRevenue": "29905000", "costofGoodsAndServicesSold": "29905000", "operatingIncome": "-2752000", "sellingGeneralAndAdministrative": "11177000", "researchAndDevelopment": "11735000", "operatingExpenses": "45279000", "investmentIncomeNet": "None", "netInterestIncome": "60000", "interestIncome": "None", "interestExpense": "3758000", "nonInterestIncome": "None", "otherNonOperatingIncome": "1138000", "depreciation": "None", "depreciationAndAmortization": "7767000", "incomeBeforeTax": "-1554000", "incomeTaxExpense": "-1041000", "interestAndDebtExpense": "None", "netIncomeFromContinuingOperations": "-513000", "comprehensiveIncomeNetOfTax": "None", "ebit": "-190511000", "ebitda": "-182744000", "netIncome": "-513000"}, {"fiscalDateEnding": "2020-09-30", "reportedCurrency": "USD", "grossProfit": "51334000", "totalRevenue": "84086000", "costOfRevenue": "32752000", "costofGoodsAndServicesSold": "32752000", "operatingIncome": "3360000", "sellingGeneralAndAdministrative": "12946000", "researchAndDevelopment": "13454000", "operatingExpenses": "47974000", "investmentIncomeNet": "None", "netInterestIncome": "-853000", "interestIncome": "None", "interestExpense": "853000", "nonInterestIncome": "None", "otherNonOperatingIncome": "187747000", "depreciation": "None", "depreciationAndAmortization": "7582000", "incomeBeforeTax": "190254000", "incomeTaxExpense": "52578000", "interestAndDebtExpense": "None", "netIncomeFromContinuingOperations": "137676000", "comprehensiveIncomeNetOfTax": "None", "ebit": "3360000", "ebitda": "10942000", "netIncome": "137676000"}, {"fiscalDateEnding": "2020-06-30", "reportedCurrency": "USD", "grossProfit": "53632000", "totalRevenue": "81043000", "costOfRevenue": "27411000", "costofGoodsAndServicesSold": "27411000", "operatingIncome": "6345000", "sellingGeneralAndAdministrative": "14785000", "researchAndDevelopment": "12128000", "operatingExpenses": "47287000", "investmentIncomeNet": "None", "netInterestIncome": "-562000", "interestIncome": "None", "interestExpense": "562000", "nonInterestIncome": "None", "otherNonOperatingIncome": "-10000", "depreciation": "None", "depreciationAndAmortization": "7675000", "incomeBeforeTax": "5773000", "incomeTaxExpense": "-13484000", "interestAndDebtExpense": "None", "netIncomeFromContinuingOperations": "19257000", "comprehensiveIncomeNetOfTax": "None", "ebit": "6345000", "ebitda": "14020000", "netIncome": "19257000"}, {"fiscalDateEnding": "2020-03-31", "reportedCurrency": "USD", "grossProfit": "43534000", "totalRevenue": "72495000", "costOfRevenue": "28961000", "costofGoodsAndServicesSold": "28961000", "operatingIncome": "2830000", "sellingGeneralAndAdministrative": "8572000", "researchAndDevelopment": "11212000", "operatingExpenses": "40704000", "investmentIncomeNet": "None", "netInterestIncome": "-494000", "interestIncome": "494000", "interestExpense": "494000", "nonInterestIncome": "None", "otherNonOperatingIncome": "22000", "depreciation": "None", "depreciationAndAmortization": "7467000", "incomeBeforeTax": "2358000", "incomeTaxExpense": "375000", "interestAndDebtExpense": "None", "netIncomeFromContinuingOperations": "1983000", "comprehensiveIncomeNetOfTax": "None", "ebit": "2830000", "ebitda": "10297000", "netIncome": "1983000"}, {"fiscalDateEnding": "2019-12-31", "reportedCurrency": "USD", "grossProfit": "40959000", "totalRevenue": "67362000", "costOfRevenue": "26403000", "costofGoodsAndServicesSold": "26403000", "operatingIncome": "89000", "sellingGeneralAndAdministrative": "9117000", "researchAndDevelopment": "11086000", "operatingExpenses": "40870000", "investmentIncomeNet": "None", "netInterestIncome": "-330000", "interestIncome": "330000", "interestExpense": "330000", "nonInterestIncome": "None", "otherNonOperatingIncome": "84000", "depreciation": "None", "depreciationAndAmortization": "7340000", "incomeBeforeTax": "-157000", "incomeTaxExpense": "-4585000", "interestAndDebtExpense": "None", "netIncomeFromContinuingOperations": "4428000", "comprehensiveIncomeNetOfTax": "None", "ebit": "89000", "ebitda": "7429000", "netIncome": "4428000"}, {"fiscalDateEnding": "2019-09-30", "reportedCurrency": "USD", "grossProfit": "42005000", "totalRevenue": "67935000", "costOfRevenue": "25930000", "costofGoodsAndServicesSold": "25930000", "operatingIncome": "4134000", "sellingGeneralAndAdministrative": "8955000", "researchAndDevelopment": "10602000", "operatingExpenses": "37871000", "investmentIncomeNet": "None", "netInterestIncome": "-400000", "interestIncome": "400000", "interestExpense": "400000", "nonInterestIncome": "None", "otherNonOperatingIncome": "-11000", "depreciation": "None", "depreciationAndAmortization": "6766000", "incomeBeforeTax": "3723000", "incomeTaxExpense": "-1255000", "interestAndDebtExpense": "None", "netIncomeFromContinuingOperations": "4978000", "comprehensiveIncomeNetOfTax": "None", "ebit": "4134000", "ebitda": "10900000", "netIncome": "4978000"}, {"fiscalDateEnding": "2019-06-30", "reportedCurrency": "USD", "grossProfit": "38496000", "totalRevenue": "63624000", "costOfRevenue": "25128000", "costofGoodsAndServicesSold": "25128000", "operatingIncome": "2296000", "sellingGeneralAndAdministrative": "8214000", "researchAndDevelopment": "9339000", "operatingExpenses": "36200000", "investmentIncomeNet": "None", "netInterestIncome": "-427000", "interestIncome": "427000", "interestExpense": "427000", "nonInterestIncome": "None", "otherNonOperatingIncome": "-56000", "depreciation": "None", "depreciationAndAmortization": "6401000", "incomeBeforeTax": "1813000", "incomeTaxExpense": "-21338000", "interestAndDebtExpense": "None", "netIncomeFromContinuingOperations": "23151000", "comprehensiveIncomeNetOfTax": "None", "ebit": "2296000", "ebitda": "8697000", "netIncome": "23151000"}, {"fiscalDateEnding": "2019-03-31", "reportedCurrency": "USD", "grossProfit": "32910000", "totalRevenue": "57091000", "costOfRevenue": "24181000", "costofGoodsAndServicesSold": "24181000", "operatingIncome": "-58000", "sellingGeneralAndAdministrative": "8192000", "researchAndDevelopment": "8481000", "operatingExpenses": "32968000", "investmentIncomeNet": "None", "netInterestIncome": "-497000", "interestIncome": "497000", "interestExpense": "497000", "nonInterestIncome": "None", "otherNonOperatingIncome": "-1000", "depreciation": "None", "depreciationAndAmortization": "6018000", "incomeBeforeTax": "-556000", "incomeTaxExpense": "-4281000", "interestAndDebtExpense": "None", "netIncomeFromContinuingOperations": "3725000", "comprehensiveIncomeNetOfTax": "None", "ebit": "-1000000", "ebitda": "5018000", "netIncome": "3725000"}, {"fiscalDateEnding": "2018-12-31", "reportedCurrency": "USD", "grossProfit": "30440000", "totalRevenue": "50365000", "costOfRevenue": "19925000", "costofGoodsAndServicesSold": "19925000", "operatingIncome": "2697000", "sellingGeneralAndAdministrative": "7786000", "researchAndDevelopment": "6588000", "operatingExpenses": "27743000", "investmentIncomeNet": "None", "netInterestIncome": "None", "interestIncome": "None", "interestExpense": "156000", "nonInterestIncome": "None", "otherNonOperatingIncome": "-36000", "depreciation": "None", "depreciationAndAmortization": "3792000", "incomeBeforeTax": "2817000", "incomeTaxExpense": "168000", "interestAndDebtExpense": "None", "netIncomeFromContinuingOperations": "2649000", "comprehensiveIncomeNetOfTax": "None", "ebit": "2697000", "ebitda": "6489000", "netIncome": "2649000"}, {"fiscalDateEnding": "2018-09-30", "reportedCurrency": "USD", "grossProfit": "30844000", "totalRevenue": "50126000", "costOfRevenue": "19282000", "costofGoodsAndServicesSold": "19282000", "operatingIncome": "5477000", "sellingGeneralAndAdministrative": "6541000", "researchAndDevelopment": "6440000", "operatingExpenses": "25367000", "investmentIncomeNet": "None", "netInterestIncome": "None", "interestIncome": "None", "interestExpense": "229000", "nonInterestIncome": "None", "otherNonOperatingIncome": "1000", "depreciation": "None", "depreciationAndAmortization": "3705000", "incomeBeforeTax": "5707000", "incomeTaxExpense": "183000", "interestAndDebtExpense": "None", "netIncomeFromContinuingOperations": "5524000", "comprehensiveIncomeNetOfTax": "None", "ebit": "5477000", "ebitda": "9182000", "netIncome": "5524000"}, {"fiscalDateEnding": "2018-06-30", "reportedCurrency": "USD", "grossProfit": "29511000", "totalRevenue": "47240000", "costOfRevenue": "17729000", "costofGoodsAndServicesSold": "17729000", "operatingIncome": "7309000", "sellingGeneralAndAdministrative": "5248000", "researchAndDevelopment": "5750000", "operatingExpenses": "22202000", "investmentIncomeNet": "None", "netInterestIncome": "None", "interestIncome": "None", "interestExpense": "226000", "nonInterestIncome": "None", "otherNonOperatingIncome": "-18000", "depreciation": "None", "depreciationAndAmortization": "3579000", "incomeBeforeTax": "7517000", "incomeTaxExpense": "43000", "interestAndDebtExpense": "None", "netIncomeFromContinuingOperations": "7474000", "comprehensiveIncomeNetOfTax": "None", "ebit": "7309000", "ebitda": "10888000", "netIncome": "7474000"}, {"fiscalDateEnding": "2018-03-31", "reportedCurrency": "USD", "grossProfit": "25727000", "totalRevenue": "42340000", "costOfRevenue": "16613000", "costofGoodsAndServicesSold": "16613000", "operatingIncome": "4173000", "sellingGeneralAndAdministrative": "5316000", "researchAndDevelopment": "5333000", "operatingExpenses": "21554000", "investmentIncomeNet": "None", "netInterestIncome": "None", "interestIncome": "None", "interestExpense": "176000", "nonInterestIncome": "None", "otherNonOperatingIncome": "-3000", "depreciation": "None", "depreciationAndAmortization": "3500000", "incomeBeforeTax": "4346000", "incomeTaxExpense": "26000", "interestAndDebtExpense": "None", "netIncomeFromContinuingOperations": "4320000", "comprehensiveIncomeNetOfTax": "None", "ebit": "4173000", "ebitda": "7673000", "netIncome": "4320000"}, {"fiscalDateEnding": "2017-12-31", "reportedCurrency": "USD", "grossProfit": "23361000", "totalRevenue": "37897000", "costOfRevenue": "14536000", "costofGoodsAndServicesSold": "14536000", "operatingIncome": "2387000", "sellingGeneralAndAdministrative": "5889000", "researchAndDevelopment": "4580000", "operatingExpenses": "20974000", "investmentIncomeNet": "None", "netInterestIncome": "None", "interestIncome": "None", "interestExpense": "535000", "nonInterestIncome": "None", "otherNonOperatingIncome": "-3000", "depreciation": "None", "depreciationAndAmortization": "3352000", "incomeBeforeTax": "2542000", "incomeTaxExpense": "-35000", "interestAndDebtExpense": "None", "netIncomeFromContinuingOperations": "2577000", "comprehensiveIncomeNetOfTax": "None", "ebit": "2387000", "ebitda": "5739000", "netIncome": "2577000"}, {"fiscalDateEnding": "2017-09-30", "reportedCurrency": "USD", "grossProfit": "23850000", "totalRevenue": "37903000", "costOfRevenue": "14053000", "costofGoodsAndServicesSold": "14053000", "operatingIncome": "3584000", "sellingGeneralAndAdministrative": "5405000", "researchAndDevelopment": "4367000", "operatingExpenses": "20266000", "investmentIncomeNet": "None", "netInterestIncome": "None", "interestIncome": "None", "interestExpense": "155000", "nonInterestIncome": "None", "otherNonOperatingIncome": "-5000", "depreciation": "None", "depreciationAndAmortization": "3237000", "incomeBeforeTax": "3734000", "incomeTaxExpense": "52000", "interestAndDebtExpense": "None", "netIncomeFromContinuingOperations": "3682000", "comprehensiveIncomeNetOfTax": "None", "ebit": "3584000", "ebitda": "6821000", "netIncome": "3682000"}, {"fiscalDateEnding": "2017-06-30", "reportedCurrency": "USD", "grossProfit": "22176000", "totalRevenue": "35877000", "costOfRevenue": "13701000", "costofGoodsAndServicesSold": "13701000", "operatingIncome": "2767000", "sellingGeneralAndAdministrative": "5101000", "researchAndDevelopment": "4002000", "operatingExpenses": "19409000", "investmentIncomeNet": "None", "netInterestIncome": "None", "interestIncome": "None", "interestExpense": "120000", "nonInterestIncome": "None", "otherNonOperatingIncome": "-60000", "depreciation": "None", "depreciationAndAmortization": "3114000", "incomeBeforeTax": "2827000", "incomeTaxExpense": "30000", "interestAndDebtExpense": "None", "netIncomeFromContinuingOperations": "2797000", "comprehensiveIncomeNetOfTax": "None", "ebit": "2767000", "ebitda": "5881000", "netIncome": "2797000"}, {"fiscalDateEnding": "2017-03-31", "reportedCurrency": "USD", "grossProfit": "19133000", "totalRevenue": "32126000", "costOfRevenue": "12993000", "costofGoodsAndServicesSold": "12993000", "operatingIncome": "597000", "sellingGeneralAndAdministrative": "4804000", "researchAndDevelopment": "3629000", "operatingExpenses": "18536000", "investmentIncomeNet": "None", "netInterestIncome": "None", "interestIncome": "None", "interestExpense": "102000", "nonInterestIncome": "None", "otherNonOperatingIncome": "-28000", "depreciation": "None", "depreciationAndAmortization": "2996000", "incomeBeforeTax": "671000", "incomeTaxExpense": "11000", "interestAndDebtExpense": "None", "netIncomeFromContinuingOperations": "660000", "comprehensiveIncomeNetOfTax": "None", "ebit": "597000", "ebitda": "3593000", "netIncome": "660000"}, {"fiscalDateEnding": "2016-12-31", "reportedCurrency": "USD", "grossProfit": "16767000", "totalRevenue": "28010000", "costOfRevenue": "11243000", "costofGoodsAndServicesSold": "11243000", "operatingIncome": "-1292000", "sellingGeneralAndAdministrative": "5399000", "researchAndDevelopment": "3107000", "operatingExpenses": "18059000", "investmentIncomeNet": "None", "netInterestIncome": "None", "interestIncome": "None", "interestExpense": "246000", "nonInterestIncome": "None", "otherNonOperatingIncome": "-3000", "depreciation": "None", "depreciationAndAmortization": "2823000", "incomeBeforeTax": "-1270000", "incomeTaxExpense": "19000", "interestAndDebtExpense": "None", "netIncomeFromContinuingOperations": "-1289000", "comprehensiveIncomeNetOfTax": "None", "ebit": "-1292000", "ebitda": "1531000", "netIncome": "-1289000"}, {"fiscalDateEnding": "2016-09-30", "reportedCurrency": "USD", "grossProfit": "16517000", "totalRevenue": "28162000", "costOfRevenue": "11645000", "costofGoodsAndServicesSold": "11645000", "operatingIncome": "-1204000", "sellingGeneralAndAdministrative": "4642000", "researchAndDevelopment": "3464000", "operatingExpenses": "17721000", "investmentIncomeNet": "None", "netInterestIncome": "None", "interestIncome": "None", "interestExpense": "102000", "nonInterestIncome": "None", "otherNonOperatingIncome": "-12000", "depreciation": "None", "depreciationAndAmortization": "2636000", "incomeBeforeTax": "-1114000", "incomeTaxExpense": "11000", "interestAndDebtExpense": "None", "netIncomeFromContinuingOperations": "-1125000", "comprehensiveIncomeNetOfTax": "None", "ebit": "-1204000", "ebitda": "1432000", "netIncome": "-1125000"}, {"fiscalDateEnding": "2016-06-30", "reportedCurrency": "USD", "grossProfit": "14991000", "totalRevenue": "26203000", "costOfRevenue": "11212000", "costofGoodsAndServicesSold": "11212000", "operatingIncome": "-2348000", "sellingGeneralAndAdministrative": "4389000", "researchAndDevelopment": "3024000", "operatingExpenses": "17339000", "investmentIncomeNet": "None", "netInterestIncome": "None", "interestIncome": "None", "interestExpense": "95000", "nonInterestIncome": "None", "otherNonOperatingIncome": "2000", "depreciation": "None", "depreciationAndAmortization": "2359000", "incomeBeforeTax": "-2251000", "incomeTaxExpense": "13000", "interestAndDebtExpense": "None", "netIncomeFromContinuingOperations": "-2264000", "comprehensiveIncomeNetOfTax": "None", "ebit": "-2348000", "ebitda": "11000", "netIncome": "-2264000"}, {"fiscalDateEnding": "2016-03-31", "reportedCurrency": "USD", "grossProfit": "12681000", "totalRevenue": "23211000", "costOfRevenue": "10530000", "costofGoodsAndServicesSold": "10530000", "operatingIncome": "-3579000", "sellingGeneralAndAdministrative": "3549000", "researchAndDevelopment": "3043000", "operatingExpenses": "16260000", "investmentIncomeNet": "None", "netInterestIncome": "None", "interestIncome": "None", "interestExpense": "24000", "nonInterestIncome": "None", "otherNonOperatingIncome": "-24000", "depreciation": "None", "depreciationAndAmortization": "2117000", "incomeBeforeTax": "-3579000", "incomeTaxExpense": "24000", "interestAndDebtExpense": "None", "netIncomeFromContinuingOperations": "-3603000", "comprehensiveIncomeNetOfTax": "None", "ebit": "-3579000", "ebitda": "-1462000", "netIncome": "-3603000"}, {"fiscalDateEnding": "2015-12-31", "reportedCurrency": "USD", "grossProfit": "10934000", "totalRevenue": "20399000", "costOfRevenue": "9465000", "costofGoodsAndServicesSold": "9465000", "operatingIncome": "-3968000", "sellingGeneralAndAdministrative": "3356000", "researchAndDevelopment": "2594000", "operatingExpenses": "14902000", "investmentIncomeNet": "None", "netInterestIncome": "None", "interestIncome": "None", "interestExpense": "838000", "nonInterestIncome": "None", "otherNonOperatingIncome": "None", "depreciation": "None", "depreciationAndAmortization": "1852000", "incomeBeforeTax": "-3849000", "incomeTaxExpense": "41000", "interestAndDebtExpense": "None", "netIncomeFromContinuingOperations": "-15668000", "comprehensiveIncomeNetOfTax": "None", "ebit": "-3968000", "ebitda": "-2116000", "netIncome": "-3890000"}, {"fiscalDateEnding": "2015-09-30", "reportedCurrency": "USD", "grossProfit": "11041000", "totalRevenue": "20305000", "costOfRevenue": "9264000", "costofGoodsAndServicesSold": "9264000", "operatingIncome": "-4310000", "sellingGeneralAndAdministrative": "3888000", "researchAndDevelopment": "2797000", "operatingExpenses": "15351000", "investmentIncomeNet": "None", "netInterestIncome": "None", "interestIncome": "None", "interestExpense": "426000", "nonInterestIncome": "None", "otherNonOperatingIncome": "-1000", "depreciation": "None", "depreciationAndAmortization": "1638000", "incomeBeforeTax": "-4737000", "incomeTaxExpense": "23000", "interestAndDebtExpense": "None", "netIncomeFromContinuingOperations": "-4760000", "comprehensiveIncomeNetOfTax": "None", "ebit": "-4310000", "ebitda": "-2672000", "netIncome": "-4760000"}, {"fiscalDateEnding": "2015-06-30", "reportedCurrency": "USD", "grossProfit": "10316000", "totalRevenue": "18425000", "costOfRevenue": "8109000", "costofGoodsAndServicesSold": "8109000", "operatingIncome": "-3215000", "sellingGeneralAndAdministrative": "3707000", "researchAndDevelopment": "2154000", "operatingExpenses": "13531000", "investmentIncomeNet": "None", "netInterestIncome": "None", "interestIncome": "None", "interestExpense": "243000", "nonInterestIncome": "None", "otherNonOperatingIncome": "-5000", "depreciation": "None", "depreciationAndAmortization": "1431000", "incomeBeforeTax": "-3463000", "incomeTaxExpense": "-63000", "interestAndDebtExpense": "None", "netIncomeFromContinuingOperations": "-3400000", "comprehensiveIncomeNetOfTax": "None", "ebit": "-3215000", "ebitda": "-1784000", "netIncome": "-3400000"}, {"fiscalDateEnding": "2015-03-31", "reportedCurrency": "USD", "grossProfit": "8783000", "totalRevenue": "15848000", "costOfRevenue": "7065000", "costofGoodsAndServicesSold": "7065000", "operatingIncome": "-3510000", "sellingGeneralAndAdministrative": "3392000", "researchAndDevelopment": "2009000", "operatingExpenses": "12293000", "investmentIncomeNet": "None", "netInterestIncome": "None", "interestIncome": "None", "interestExpense": "32000", "nonInterestIncome": "None", "otherNonOperatingIncome": "None", "depreciation": "None", "depreciationAndAmortization": "1183000", "incomeBeforeTax": "-3544000", "incomeTaxExpense": "74000", "interestAndDebtExpense": "None", "netIncomeFromContinuingOperations": "0", "comprehensiveIncomeNetOfTax": "None", "ebit": "-3510000", "ebitda": "-2327000", "netIncome": "-3618000"}, {"fiscalDateEnding": "2014-12-31", "reportedCurrency": "USD", "grossProfit": "6776000", "totalRevenue": "13219000", "costOfRevenue": "6443000", "costofGoodsAndServicesSold": "6443000", "operatingIncome": "-4566000", "sellingGeneralAndAdministrative": "2925000", "researchAndDevelopment": "1946000", "operatingExpenses": "11342000", "investmentIncomeNet": "None", "netInterestIncome": "None", "interestIncome": "None", "interestExpense": "795000", "nonInterestIncome": "None", "otherNonOperatingIncome": "None", "depreciation": "None", "depreciationAndAmortization": "1114000", "incomeBeforeTax": "-4573000", "incomeTaxExpense": "-11000", "interestAndDebtExpense": "None", "netIncomeFromContinuingOperations": "-8621000", "comprehensiveIncomeNetOfTax": "None", "ebit": "-4566000", "ebitda": "-3452000", "netIncome": "-4573000"}, {"fiscalDateEnding": "2014-09-30", "reportedCurrency": "USD", "grossProfit": "7045000", "totalRevenue": "13024000", "costOfRevenue": "5979000", "costofGoodsAndServicesSold": "5979000", "operatingIncome": "-1273000", "sellingGeneralAndAdministrative": "1180000", "researchAndDevelopment": "1838000", "operatingExpenses": "8318000", "investmentIncomeNet": "None", "netInterestIncome": "None", "interestIncome": "None", "interestExpense": "0", "nonInterestIncome": "None", "otherNonOperatingIncome": "None", "depreciation": "None", "depreciationAndAmortization": "988000", "incomeBeforeTax": "-1268000", "incomeTaxExpense": "-11000", "interestAndDebtExpense": "None", "netIncomeFromContinuingOperations": "0", "comprehensiveIncomeNetOfTax": "None", "ebit": "-1273000", "ebitda": "-285000", "netIncome": "-1268000"}, {"fiscalDateEnding": "2014-06-30", "reportedCurrency": "USD", "grossProfit": "6147000", "totalRevenue": "11594000", "costOfRevenue": "5447000", "costofGoodsAndServicesSold": "5447000", "operatingIncome": "-1517000", "sellingGeneralAndAdministrative": "1485000", "researchAndDevelopment": "1576000", "operatingExpenses": "7664000", "investmentIncomeNet": "None", "netInterestIncome": "None", "interestIncome": "None", "interestExpense": "0", "nonInterestIncome": "None", "otherNonOperatingIncome": "None", "depreciation": "None", "depreciationAndAmortization": "886000", "incomeBeforeTax": "-1535000", "incomeTaxExpense": "-11000", "interestAndDebtExpense": "None", "netIncomeFromContinuingOperations": "0", "comprehensiveIncomeNetOfTax": "None", "ebit": "-1517000", "ebitda": "-631000", "netIncome": "-1535000"}, {"fiscalDateEnding": "2014-03-31", "reportedCurrency": "USD", "grossProfit": "5148000", "totalRevenue": "9834000", "costOfRevenue": "4686000", "costofGoodsAndServicesSold": "4686000", "operatingIncome": "-1203000", "sellingGeneralAndAdministrative": "899000", "researchAndDevelopment": "1145000", "operatingExpenses": "6351000", "investmentIncomeNet": "None", "netInterestIncome": "None", "interestIncome": "None", "interestExpense": "0", "nonInterestIncome": "None", "otherNonOperatingIncome": "None", "depreciation": "None", "depreciationAndAmortization": "817000", "incomeBeforeTax": "-1245000", "incomeTaxExpense": "-26000", "interestAndDebtExpense": "None", "netIncomeFromContinuingOperations": "0", "comprehensiveIncomeNetOfTax": "None", "ebit": "-1203000", "ebitda": "-386000", "netIncome": "-1245000"}, {"fiscalDateEnding": "2013-12-31", "reportedCurrency": "USD", "grossProfit": "12926000", "totalRevenue": "26542000", "costOfRevenue": "13616000", "costofGoodsAndServicesSold": "13616000", "operatingIncome": "0", "sellingGeneralAndAdministrative": "19017000", "researchAndDevelopment": "5057000", "operatingExpenses": "0", "investmentIncomeNet": "None", "netInterestIncome": "None", "interestIncome": "None", "interestExpense": "0", "nonInterestIncome": "None", "otherNonOperatingIncome": "None", "depreciation": "None", "depreciationAndAmortization": "None", "incomeBeforeTax": "0", "incomeTaxExpense": "0", "interestAndDebtExpense": "None", "netIncomeFromContinuingOperations": "0", "comprehensiveIncomeNetOfTax": "None", "ebit": "0", "ebitda": "None", "netIncome": "0"}]}