{"symbol": "AGNCO", "annualReports": [{"fiscalDateEnding": "2025-12-31", "reportedCurrency": "None", "grossProfit": "1912000000", "totalRevenue": "1912000000", "costOfRevenue": "87000000", "costofGoodsAndServicesSold": "87000000", "operatingIncome": "4518000000", "sellingGeneralAndAdministrative": "None", "researchAndDevelopment": "None", "operatingExpenses": "-2606000000", "investmentIncomeNet": "None", "netInterestIncome": "None", "interestIncome": "None", "interestExpense": "2848000000", "nonInterestIncome": "None", "otherNonOperatingIncome": "None", "depreciation": "None", "depreciationAndAmortization": "None", "incomeBeforeTax": "1670000000", "incomeTaxExpense": "None", "interestAndDebtExpense": "None", "netIncomeFromContinuingOperations": "None", "comprehensiveIncomeNetOfTax": "None", "ebit": "None", "ebitda": "4518000000", "netIncome": "1670000000"}, {"fiscalDateEnding": "2024-12-31", "reportedCurrency": "USD", "grossProfit": "4876000000", "totalRevenue": "4876000000", "costOfRevenue": "2931000000", "costofGoodsAndServicesSold": "2931000000", "operatingIncome": "3881000000", "sellingGeneralAndAdministrative": "74000000", "researchAndDevelopment": "None", "operatingExpenses": "995000000", "investmentIncomeNet": "None", "netInterestIncome": "18000000", "interestIncome": "2949000000", "interestExpense": "2931000000", "nonInterestIncome": "None", "otherNonOperatingIncome": "None", "depreciation": "None", "depreciationAndAmortization": "123000000", "incomeBeforeTax": "863000000", "incomeTaxExpense": "None", "interestAndDebtExpense": "None", "netIncomeFromContinuingOperations": "863000000", "comprehensiveIncomeNetOfTax": "None", "ebit": "3794000000", "ebitda": "3794000000", "netIncome": "863000000"}, {"fiscalDateEnding": "2023-12-31", "reportedCurrency": "USD", "grossProfit": "1006000000", "totalRevenue": "1006000000", "costOfRevenue": "96000000", "costofGoodsAndServicesSold": "96000000", "operatingIncome": "2588000000", "sellingGeneralAndAdministrative": "62000000", "researchAndDevelopment": "0.15", "operatingExpenses": "-1582000000", "investmentIncomeNet": "None", "netInterestIncome": "-246000000", "interestIncome": "2041000000", "interestExpense": "2287000000", "nonInterestIncome": "None", "otherNonOperatingIncome": "None", "depreciation": "None", "depreciationAndAmortization": "2529000000", "incomeBeforeTax": "155000000", "incomeTaxExpense": "32000000", "interestAndDebtExpense": "None", "netIncomeFromContinuingOperations": "155000000", "comprehensiveIncomeNetOfTax": "None", "ebit": "2588000000", "ebitda": "2442000000", "netIncome": "155000000"}, {"fiscalDateEnding": "2022-12-31", "reportedCurrency": "USD", "grossProfit": "2475000000", "totalRevenue": "2549000000", "costOfRevenue": "74000000", "costofGoodsAndServicesSold": "74000000", "operatingIncome": "-565000000", "sellingGeneralAndAdministrative": "41000000", "researchAndDevelopment": "0.36", "operatingExpenses": "74000000", "investmentIncomeNet": "None", "netInterestIncome": "965000000", "interestIncome": "1590000000", "interestExpense": "625000000", "nonInterestIncome": "None", "otherNonOperatingIncome": "None", "depreciation": "None", "depreciationAndAmortization": "1190000000", "incomeBeforeTax": "-1190000000", "incomeTaxExpense": "-1190000000", "interestAndDebtExpense": "None", "netIncomeFromContinuingOperations": "-1190000000", "comprehensiveIncomeNetOfTax": "None", "ebit": "-565000000", "ebitda": "-565000000", "netIncome": "-1190000000"}, {"fiscalDateEnding": "2021-12-31", "reportedCurrency": "USD", "grossProfit": "749000000", "totalRevenue": "837000000", "costOfRevenue": "88000000", "costofGoodsAndServicesSold": "88000000", "operatingIncome": "749000000", "sellingGeneralAndAdministrative": "54000000", "researchAndDevelopment": "0.31", "operatingExpenses": "-88000000", "investmentIncomeNet": "None", "netInterestIncome": "1286000000", "interestIncome": "1361000000", "interestExpense": "75000000", "nonInterestIncome": "None", "otherNonOperatingIncome": "None", "depreciation": "None", "depreciationAndAmortization": "369000000", "incomeBeforeTax": "749000000", "incomeTaxExpense": "100000000", "interestAndDebtExpense": "None", "netIncomeFromContinuingOperations": "749000000", "comprehensiveIncomeNetOfTax": "None", "ebit": "749000000", "ebitda": "1118000000", "netIncome": "749000000"}, {"fiscalDateEnding": "2020-12-31", "reportedCurrency": "USD", "grossProfit": "-439000000", "totalRevenue": "-173000000", "costOfRevenue": "266000000", "costofGoodsAndServicesSold": "266000000", "operatingIncome": "-266000000", "sellingGeneralAndAdministrative": "56000000", "researchAndDevelopment": "0.78", "operatingExpenses": "-93000000", "investmentIncomeNet": "None", "netInterestIncome": "845000000", "interestIncome": "1519000000", "interestExpense": "674000000", "nonInterestIncome": "None", "otherNonOperatingIncome": "-1018000000", "depreciation": "None", "depreciationAndAmortization": "266000000", "incomeBeforeTax": "-266000000", "incomeTaxExpense": "3039000000", "interestAndDebtExpense": "None", "netIncomeFromContinuingOperations": "-80000000", "comprehensiveIncomeNetOfTax": "None", "ebit": "-266000000", "ebitda": "-266000000", "netIncome": "-266000000"}, {"fiscalDateEnding": "2019-12-31", "reportedCurrency": "USD", "grossProfit": "771000000", "totalRevenue": "771000000", "costOfRevenue": "2149000000", "costofGoodsAndServicesSold": "2149000000", "operatingIncome": "688000000", "sellingGeneralAndAdministrative": "47000000", "researchAndDevelopment": "0.64", "operatingExpenses": "-83000000", "investmentIncomeNet": "None", "netInterestIncome": "693000000", "interestIncome": "2842000000", "interestExpense": "2149000000", "nonInterestIncome": "None", "otherNonOperatingIncome": "None", "depreciation": "None", "depreciationAndAmortization": "-688000000", "incomeBeforeTax": "688000000", "incomeTaxExpense": "-1461000000", "interestAndDebtExpense": "None", "netIncomeFromContinuingOperations": "688000000", "comprehensiveIncomeNetOfTax": "None", "ebit": "688000000", "ebitda": "688000000", "netIncome": "688000000"}, {"fiscalDateEnding": "2018-12-31", "reportedCurrency": "USD", "grossProfit": "1870000000", "totalRevenue": "1920000000", "costOfRevenue": "50000000", "costofGoodsAndServicesSold": "50000000", "operatingIncome": "1302000000", "sellingGeneralAndAdministrative": "45000000", "researchAndDevelopment": "0.07", "operatingExpenses": "568000000", "investmentIncomeNet": "None", "netInterestIncome": "776000000", "interestIncome": "1949000000", "interestExpense": "1173000000", "nonInterestIncome": "None", "otherNonOperatingIncome": "0", "depreciation": "None", "depreciationAndAmortization": "25000000", "incomeBeforeTax": "129000000", "incomeTaxExpense": "24839000", "interestAndDebtExpense": "None", "netIncomeFromContinuingOperations": "329000000", "comprehensiveIncomeNetOfTax": "None", "ebit": "1302000000", "ebitda": "1327000000", "netIncome": "129000000"}, {"fiscalDateEnding": "2017-12-31", "reportedCurrency": "USD", "grossProfit": "1585000000", "totalRevenue": "1591000000", "costOfRevenue": "6000000", "costofGoodsAndServicesSold": "6000000", "operatingIncome": "1295000000", "sellingGeneralAndAdministrative": "42000000", "researchAndDevelopment": "0.48", "operatingExpenses": "290000000", "investmentIncomeNet": "None", "netInterestIncome": "769000000", "interestIncome": "1293000000", "interestExpense": "524000000", "nonInterestIncome": "None", "otherNonOperatingIncome": "0", "depreciation": "None", "depreciationAndAmortization": "296000000", "incomeBeforeTax": "771000000", "incomeTaxExpense": "1295000000", "interestAndDebtExpense": "None", "netIncomeFromContinuingOperations": "911000000", "comprehensiveIncomeNetOfTax": "None", "ebit": "771000000", "ebitda": "1298000000", "netIncome": "771000000"}, {"fiscalDateEnding": "2016-12-31", "reportedCurrency": "USD", "grossProfit": "-15000000", "totalRevenue": "-11000000", "costOfRevenue": "4000000", "costofGoodsAndServicesSold": "4000000", "operatingIncome": "987000000", "sellingGeneralAndAdministrative": "19000000", "researchAndDevelopment": "56.64", "operatingExpenses": "-1002000000", "investmentIncomeNet": "None", "netInterestIncome": "927000000", "interestIncome": "1321000000", "interestExpense": "394000000", "nonInterestIncome": "None", "otherNonOperatingIncome": "0", "depreciation": "None", "depreciationAndAmortization": "2000000", "incomeBeforeTax": "623000000", "incomeTaxExpense": "987000000", "interestAndDebtExpense": "None", "netIncomeFromContinuingOperations": "833000000", "comprehensiveIncomeNetOfTax": "None", "ebit": "987000000", "ebitda": "980000000", "netIncome": "623000000"}, {"fiscalDateEnding": "2015-12-31", "reportedCurrency": "USD", "grossProfit": "238000000", "totalRevenue": "238000000", "costOfRevenue": "446000000", "costofGoodsAndServicesSold": "446000000", "operatingIncome": "215000000", "sellingGeneralAndAdministrative": "23000000", "researchAndDevelopment": "0", "operatingExpenses": "1251000000", "investmentIncomeNet": "None", "netInterestIncome": "None", "interestIncome": "None", "interestExpense": "330000000", "nonInterestIncome": "None", "otherNonOperatingIncome": "0", "depreciation": "None", "depreciationAndAmortization": "-215000000", "incomeBeforeTax": "215000000", "incomeTaxExpense": "28000000", "interestAndDebtExpense": "None", "netIncomeFromContinuingOperations": "215000000", "comprehensiveIncomeNetOfTax": "None", "ebit": "215000000", "ebitda": "215000000", "netIncome": "215000000"}, {"fiscalDateEnding": "2014-12-31", "reportedCurrency": "USD", "grossProfit": "-211000000", "totalRevenue": "-211000000", "costOfRevenue": "119000000", "costofGoodsAndServicesSold": "119000000", "operatingIncome": "-233000000", "sellingGeneralAndAdministrative": "22000000", "researchAndDevelopment": "None", "operatingExpenses": "1705000000", "investmentIncomeNet": "None", "netInterestIncome": "None", "interestIncome": "None", "interestExpense": "372000000", "nonInterestIncome": "None", "otherNonOperatingIncome": "None", "depreciation": "None", "depreciationAndAmortization": "233000000", "incomeBeforeTax": "-233000000", "incomeTaxExpense": "-233000000", "interestAndDebtExpense": "None", "netIncomeFromContinuingOperations": "-233000000", "comprehensiveIncomeNetOfTax": "None", "ebit": "-233000000", "ebitda": "-233000000", "netIncome": "-233000000"}, {"fiscalDateEnding": "2013-12-31", "reportedCurrency": "USD", "grossProfit": "1304000000", "totalRevenue": "1304000000", "costOfRevenue": "None", "costofGoodsAndServicesSold": "None", "operatingIncome": "1272000000", "sellingGeneralAndAdministrative": "32000000", "researchAndDevelopment": "None", "operatingExpenses": "704000000", "investmentIncomeNet": "None", "netInterestIncome": "None", "interestIncome": "None", "interestExpense": "536000000", "nonInterestIncome": "None", "otherNonOperatingIncome": "None", "depreciation": "None", "depreciationAndAmortization": "-1243000000", "incomeBeforeTax": "1272000000", "incomeTaxExpense": "13000000", "interestAndDebtExpense": "None", "netIncomeFromContinuingOperations": "1272000000", "comprehensiveIncomeNetOfTax": "None", "ebit": "1272000000", "ebitda": "1272000000", "netIncome": "1259000000"}, {"fiscalDateEnding": "2012-12-31", "reportedCurrency": "USD", "grossProfit": "1327000000", "totalRevenue": "1327000000", "costOfRevenue": "None", "costofGoodsAndServicesSold": "None", "operatingIncome": "1296000000", "sellingGeneralAndAdministrative": "31000000", "researchAndDevelopment": "None", "operatingExpenses": "656000000", "investmentIncomeNet": "None", "netInterestIncome": "None", "interestIncome": "None", "interestExpense": "512000000", "nonInterestIncome": "None", "otherNonOperatingIncome": "None", "depreciation": "None", "depreciationAndAmortization": "-1476000000", "incomeBeforeTax": "1296000000", "incomeTaxExpense": "19000000", "interestAndDebtExpense": "None", "netIncomeFromContinuingOperations": "1296000000", "comprehensiveIncomeNetOfTax": "None", "ebit": "1296000000", "ebitda": "1296000000", "netIncome": "1277000000"}, {"fiscalDateEnding": "2011-12-31", "reportedCurrency": "USD", "grossProfit": "850643000", "totalRevenue": "850643000", "costOfRevenue": "None", "costofGoodsAndServicesSold": "None", "operatingIncome": "776685000", "sellingGeneralAndAdministrative": "73958000", "researchAndDevelopment": "None", "operatingExpenses": "359000000", "investmentIncomeNet": "None", "netInterestIncome": "None", "interestIncome": "None", "interestExpense": "284575000", "nonInterestIncome": "None", "otherNonOperatingIncome": "None", "depreciation": "None", "depreciationAndAmortization": "None", "incomeBeforeTax": "776685000", "incomeTaxExpense": "6205000", "interestAndDebtExpense": "None", "netIncomeFromContinuingOperations": "None", "comprehensiveIncomeNetOfTax": "None", "ebit": "776685000", "ebitda": "776685000", "netIncome": "770480000"}, {"fiscalDateEnding": "2010-12-31", "reportedCurrency": "USD", "grossProfit": "130398000", "totalRevenue": "130398000", "costOfRevenue": "None", "costofGoodsAndServicesSold": "None", "operatingIncome": "288571000", "sellingGeneralAndAdministrative": "18806000", "researchAndDevelopment": "None", "operatingExpenses": "95000000", "investmentIncomeNet": "None", "netInterestIncome": "None", "interestIncome": "None", "interestExpense": "76026000", "nonInterestIncome": "None", "otherNonOperatingIncome": "None", "depreciation": "None", "depreciationAndAmortization": "None", "incomeBeforeTax": "288571000", "incomeTaxExpense": "455000", "interestAndDebtExpense": "None", "netIncomeFromContinuingOperations": "None", "comprehensiveIncomeNetOfTax": "None", "ebit": "288571000", "ebitda": "288571000", "netIncome": "288116000"}, {"fiscalDateEnding": "2009-12-31", "reportedCurrency": "USD", "grossProfit": "177867000", "totalRevenue": "177867000", "costOfRevenue": "None", "costofGoodsAndServicesSold": "None", "operatingIncome": "162485000", "sellingGeneralAndAdministrative": "11145000", "researchAndDevelopment": "None", "operatingExpenses": "15382000", "investmentIncomeNet": "None", "netInterestIncome": "None", "interestIncome": "None", "interestExpense": "43539000", "nonInterestIncome": "None", "otherNonOperatingIncome": "None", "depreciation": "None", "depreciationAndAmortization": "26084000", "incomeBeforeTax": "118946000", "incomeTaxExpense": "335000", "interestAndDebtExpense": "None", "netIncomeFromContinuingOperations": "None", "comprehensiveIncomeNetOfTax": "None", "ebit": "136401000", "ebitda": "162485000", "netIncome": "118611000"}, {"fiscalDateEnding": "2008-12-31", "reportedCurrency": "USD", "grossProfit": "55201000", "totalRevenue": "55201000", "costOfRevenue": "None", "costofGoodsAndServicesSold": "None", "operatingIncome": "49446000", "sellingGeneralAndAdministrative": "5755000", "researchAndDevelopment": "None", "operatingExpenses": "5755000", "investmentIncomeNet": "None", "netInterestIncome": "None", "interestIncome": "None", "interestExpense": "24937000", "nonInterestIncome": "None", "otherNonOperatingIncome": "None", "depreciation": "None", "depreciationAndAmortization": "10763000", "incomeBeforeTax": "35352000", "incomeTaxExpense": "24937000", "interestAndDebtExpense": "None", "netIncomeFromContinuingOperations": "None", "comprehensiveIncomeNetOfTax": "None", "ebit": "49526000", "ebitda": "60289000", "netIncome": "35352000"}], "quarterlyReports": [{"fiscalDateEnding": "2025-12-31", "reportedCurrency": "None", "grossProfit": "1258000000", "totalRevenue": "1258000000", "costOfRevenue": "30000000", "costofGoodsAndServicesSold": "30000000", "operatingIncome": "1692000000", "sellingGeneralAndAdministrative": "None", "researchAndDevelopment": "None", "operatingExpenses": "-434000000", "investmentIncomeNet": "None", "netInterestIncome": "None", "interestIncome": "None", "interestExpense": "738000000", "nonInterestIncome": "None", "otherNonOperatingIncome": "None", "depreciation": "None", "depreciationAndAmortization": "None", "incomeBeforeTax": "954000000", "incomeTaxExpense": "None", "interestAndDebtExpense": "None", "netIncomeFromContinuingOperations": "None", "comprehensiveIncomeNetOfTax": "None", "ebit": "None", "ebitda": "1692000000", "netIncome": "954000000"}, {"fiscalDateEnding": "2025-09-30", "reportedCurrency": "USD", "grossProfit": "779000000", "totalRevenue": "779000000", "costOfRevenue": "20000000", "costofGoodsAndServicesSold": "20000000", "operatingIncome": "1554000000", "sellingGeneralAndAdministrative": "20000000", "researchAndDevelopment": "None", "operatingExpenses": "-775000000", "investmentIncomeNet": "None", "netInterestIncome": "148000000", "interestIncome": "903000000", "interestExpense": "755000000", "nonInterestIncome": "None", "otherNonOperatingIncome": "None", "depreciation": "None", "depreciationAndAmortization": "126000000", "incomeBeforeTax": "806000000", "incomeTaxExpense": "None", "interestAndDebtExpense": "None", "netIncomeFromContinuingOperations": "806000000", "comprehensiveIncomeNetOfTax": "None", "ebit": "1561000000", "ebitda": "1561000000", "netIncome": "806000000"}, {"fiscalDateEnding": "2025-06-30", "reportedCurrency": "USD", "grossProfit": "289000000", "totalRevenue": "289000000", "costOfRevenue": "18000000", "costofGoodsAndServicesSold": "18000000", "operatingIncome": "531000000", "sellingGeneralAndAdministrative": "18000000", "researchAndDevelopment": "None", "operatingExpenses": "-242000000", "investmentIncomeNet": "None", "netInterestIncome": "162000000", "interestIncome": "830000000", "interestExpense": "668000000", "nonInterestIncome": "None", "otherNonOperatingIncome": "None", "depreciation": "None", "depreciationAndAmortization": "None", "incomeBeforeTax": "-140000000", "incomeTaxExpense": "None", "interestAndDebtExpense": "None", "netIncomeFromContinuingOperations": "-140000000", "comprehensiveIncomeNetOfTax": "None", "ebit": "None", "ebitda": "528000000", "netIncome": "-140000000"}, {"fiscalDateEnding": "2025-03-31", "reportedCurrency": "USD", "grossProfit": "-407000000", "totalRevenue": "-407000000", "costOfRevenue": "19000000", "costofGoodsAndServicesSold": "19000000", "operatingIncome": "748000000", "sellingGeneralAndAdministrative": "19000000", "researchAndDevelopment": "None", "operatingExpenses": "-1155000000", "investmentIncomeNet": "None", "netInterestIncome": "159000000", "interestIncome": "846000000", "interestExpense": "687000000", "nonInterestIncome": "None", "otherNonOperatingIncome": "None", "depreciation": "None", "depreciationAndAmortization": "None", "incomeBeforeTax": "50000000", "incomeTaxExpense": "None", "interestAndDebtExpense": "None", "netIncomeFromContinuingOperations": "50000000", "comprehensiveIncomeNetOfTax": "None", "ebit": "None", "ebitda": "737000000", "netIncome": "50000000"}, {"fiscalDateEnding": "2024-12-31", "reportedCurrency": "USD", "grossProfit": "2798000000", "totalRevenue": "2798000000", "costOfRevenue": "26000000", "costofGoodsAndServicesSold": "26000000", "operatingIncome": "871000000", "sellingGeneralAndAdministrative": "22000000", "researchAndDevelopment": "None", "operatingExpenses": "1927000000", "investmentIncomeNet": "None", "netInterestIncome": "115000000", "interestIncome": "856000000", "interestExpense": "741000000", "nonInterestIncome": "None", "otherNonOperatingIncome": "None", "depreciation": "None", "depreciationAndAmortization": "None", "incomeBeforeTax": "122000000", "incomeTaxExpense": "751000000", "interestAndDebtExpense": "None", "netIncomeFromContinuingOperations": "122000000", "comprehensiveIncomeNetOfTax": "None", "ebit": "None", "ebitda": "863000000", "netIncome": "122000000"}, {"fiscalDateEnding": "2024-09-30", "reportedCurrency": "USD", "grossProfit": "-534000000", "totalRevenue": "-534000000", "costOfRevenue": "30000000", "costofGoodsAndServicesSold": "30000000", "operatingIncome": "1178000000", "sellingGeneralAndAdministrative": "21000000", "researchAndDevelopment": "None", "operatingExpenses": "-1712000000", "investmentIncomeNet": "None", "netInterestIncome": "-64000000", "interestIncome": "756000000", "interestExpense": "820000000", "nonInterestIncome": "None", "otherNonOperatingIncome": "None", "depreciation": "None", "depreciationAndAmortization": "None", "incomeBeforeTax": "346000000", "incomeTaxExpense": "None", "interestAndDebtExpense": "None", "netIncomeFromContinuingOperations": "346000000", "comprehensiveIncomeNetOfTax": "None", "ebit": "None", "ebitda": "1166000000", "netIncome": "346000000"}, {"fiscalDateEnding": "2024-06-30", "reportedCurrency": "USD", "grossProfit": "967000000", "totalRevenue": "967000000", "costOfRevenue": "24000000", "costofGoodsAndServicesSold": "24000000", "operatingIncome": "682000000", "sellingGeneralAndAdministrative": "15000000", "researchAndDevelopment": "None", "operatingExpenses": "285000000", "investmentIncomeNet": "None", "netInterestIncome": "-3000000", "interestIncome": "695000000", "interestExpense": "698000000", "nonInterestIncome": "None", "otherNonOperatingIncome": "None", "depreciation": "None", "depreciationAndAmortization": "48000000", "incomeBeforeTax": "-48000000", "incomeTaxExpense": "-48000000", "interestAndDebtExpense": "None", "netIncomeFromContinuingOperations": "-48000000", "comprehensiveIncomeNetOfTax": "None", "ebit": "634000000", "ebitda": "650000000", "netIncome": "-48000000"}, {"fiscalDateEnding": "2024-03-31", "reportedCurrency": "USD", "grossProfit": "1645000000", "totalRevenue": "1645000000", "costOfRevenue": "24000000", "costofGoodsAndServicesSold": "24000000", "operatingIncome": "1150000000", "sellingGeneralAndAdministrative": "16000000", "researchAndDevelopment": "None", "operatingExpenses": "495000000", "investmentIncomeNet": "None", "netInterestIncome": "-30000000", "interestIncome": "642000000", "interestExpense": "672000000", "nonInterestIncome": "None", "otherNonOperatingIncome": "None", "depreciation": "None", "depreciationAndAmortization": "-443000000", "incomeBeforeTax": "443000000", "incomeTaxExpense": "-703000000", "interestAndDebtExpense": "None", "netIncomeFromContinuingOperations": "443000000", "comprehensiveIncomeNetOfTax": "None", "ebit": "1593000000", "ebitda": "1115000000", "netIncome": "443000000"}, {"fiscalDateEnding": "2023-12-31", "reportedCurrency": "USD", "grossProfit": "-1661000000", "totalRevenue": "-1661000000", "costOfRevenue": "-447000000", "costofGoodsAndServicesSold": "-447000000", "operatingIncome": "1114000000", "sellingGeneralAndAdministrative": "20000000", "researchAndDevelopment": "None", "operatingExpenses": "-2775000000", "investmentIncomeNet": "None", "netInterestIncome": "-26000000", "interestIncome": "640000000", "interestExpense": "666000000", "nonInterestIncome": "None", "otherNonOperatingIncome": "None", "depreciation": "None", "depreciationAndAmortization": "917000000", "incomeBeforeTax": "412000000", "incomeTaxExpense": "886000000", "interestAndDebtExpense": "None", "netIncomeFromContinuingOperations": "412000000", "comprehensiveIncomeNetOfTax": "None", "ebit": "1078000000", "ebitda": "1078000000", "netIncome": "412000000"}, {"fiscalDateEnding": "2023-09-30", "reportedCurrency": "USD", "grossProfit": "1675000000", "totalRevenue": "1675000000", "costOfRevenue": "23000000", "costofGoodsAndServicesSold": "23000000", "operatingIncome": "296000000", "sellingGeneralAndAdministrative": "14000000", "researchAndDevelopment": "None", "operatingExpenses": "1379000000", "investmentIncomeNet": "None", "netInterestIncome": "-53000000", "interestIncome": "593000000", "interestExpense": "646000000", "nonInterestIncome": "None", "otherNonOperatingIncome": "None", "depreciation": "None", "depreciationAndAmortization": "392000000", "incomeBeforeTax": "-392000000", "incomeTaxExpense": "-2027000000", "interestAndDebtExpense": "None", "netIncomeFromContinuingOperations": "-392000000", "comprehensiveIncomeNetOfTax": "None", "ebit": "-784000000", "ebitda": "254000000", "netIncome": "-392000000"}, {"fiscalDateEnding": "2023-06-30", "reportedCurrency": "USD", "grossProfit": "1233000000", "totalRevenue": "1233000000", "costOfRevenue": "23000000", "costofGoodsAndServicesSold": "23000000", "operatingIncome": "847000000", "sellingGeneralAndAdministrative": "14000000", "researchAndDevelopment": "None", "operatingExpenses": "386000000", "investmentIncomeNet": "None", "netInterestIncome": "-69000000", "interestIncome": "457000000", "interestExpense": "526000000", "nonInterestIncome": "None", "otherNonOperatingIncome": "None", "depreciation": "None", "depreciationAndAmortization": "-286000000", "incomeBeforeTax": "286000000", "incomeTaxExpense": "31000000", "interestAndDebtExpense": "None", "netIncomeFromContinuingOperations": "286000000", "comprehensiveIncomeNetOfTax": "None", "ebit": "572000000", "ebitda": "812000000", "netIncome": "286000000"}, {"fiscalDateEnding": "2023-03-31", "reportedCurrency": "USD", "grossProfit": "-241000000", "totalRevenue": "-241000000", "costOfRevenue": "22000000", "costofGoodsAndServicesSold": "22000000", "operatingIncome": "331000000", "sellingGeneralAndAdministrative": "14000000", "researchAndDevelopment": "None", "operatingExpenses": "-572000000", "investmentIncomeNet": "None", "netInterestIncome": "-98000000", "interestIncome": "351000000", "interestExpense": "449000000", "nonInterestIncome": "None", "otherNonOperatingIncome": "None", "depreciation": "None", "depreciationAndAmortization": "151000000", "incomeBeforeTax": "-151000000", "incomeTaxExpense": "-917000000", "interestAndDebtExpense": "None", "netIncomeFromContinuingOperations": "-151000000", "comprehensiveIncomeNetOfTax": "None", "ebit": "180000000", "ebitda": "298000000", "netIncome": "-151000000"}, {"fiscalDateEnding": "2022-12-31", "reportedCurrency": "USD", "grossProfit": "-565000000", "totalRevenue": "-565000000", "costOfRevenue": "38000000", "costofGoodsAndServicesSold": "38000000", "operatingIncome": "883000000", "sellingGeneralAndAdministrative": "5000000", "researchAndDevelopment": "None", "operatingExpenses": "-1448000000", "investmentIncomeNet": "None", "netInterestIncome": "25000000", "interestIncome": "347000000", "interestExpense": "322000000", "nonInterestIncome": "None", "otherNonOperatingIncome": "None", "depreciation": "None", "depreciationAndAmortization": "42000000", "incomeBeforeTax": "561000000", "incomeTaxExpense": "-303000000", "interestAndDebtExpense": "None", "netIncomeFromContinuingOperations": "561000000", "comprehensiveIncomeNetOfTax": "None", "ebit": "883000000", "ebitda": "883000000", "netIncome": "561000000"}, {"fiscalDateEnding": "2022-09-30", "reportedCurrency": "USD", "grossProfit": "1287000000", "totalRevenue": "1287000000", "costOfRevenue": "11000000", "costofGoodsAndServicesSold": "11000000", "operatingIncome": "-470000000", "sellingGeneralAndAdministrative": "11000000", "researchAndDevelopment": "None", "operatingExpenses": "1757000000", "investmentIncomeNet": "None", "netInterestIncome": "177000000", "interestIncome": "373000000", "interestExpense": "196000000", "nonInterestIncome": "None", "otherNonOperatingIncome": "None", "depreciation": "None", "depreciationAndAmortization": "666000000", "incomeBeforeTax": "-666000000", "incomeTaxExpense": "196000000", "interestAndDebtExpense": "None", "netIncomeFromContinuingOperations": "-666000000", "comprehensiveIncomeNetOfTax": "None", "ebit": "-54000000", "ebitda": "-470000000", "netIncome": "-666000000"}, {"fiscalDateEnding": "2022-06-30", "reportedCurrency": "USD", "grossProfit": "653000000", "totalRevenue": "653000000", "costOfRevenue": "12000000", "costofGoodsAndServicesSold": "12000000", "operatingIncome": "-354000000", "sellingGeneralAndAdministrative": "12000000", "researchAndDevelopment": "None", "operatingExpenses": "1007000000", "investmentIncomeNet": "None", "netInterestIncome": "315000000", "interestIncome": "395000000", "interestExpense": "80000000", "nonInterestIncome": "None", "otherNonOperatingIncome": "None", "depreciation": "None", "depreciationAndAmortization": "434000000", "incomeBeforeTax": "-434000000", "incomeTaxExpense": "80000000", "interestAndDebtExpense": "None", "netIncomeFromContinuingOperations": "-434000000", "comprehensiveIncomeNetOfTax": "None", "ebit": "-354000000", "ebitda": "-354000000", "netIncome": "-434000000"}, {"fiscalDateEnding": "2022-03-31", "reportedCurrency": "USD", "grossProfit": "1929000000", "totalRevenue": "1929000000", "costOfRevenue": "13000000", "costofGoodsAndServicesSold": "13000000", "operatingIncome": "-624000000", "sellingGeneralAndAdministrative": "13000000", "researchAndDevelopment": "None", "operatingExpenses": "2553000000", "investmentIncomeNet": "None", "netInterestIncome": "448000000", "interestIncome": "475000000", "interestExpense": "27000000", "nonInterestIncome": "None", "otherNonOperatingIncome": "None", "depreciation": "None", "depreciationAndAmortization": "651000000", "incomeBeforeTax": "-651000000", "incomeTaxExpense": "27000000", "interestAndDebtExpense": "None", "netIncomeFromContinuingOperations": "-651000000", "comprehensiveIncomeNetOfTax": "None", "ebit": "-624000000", "ebitda": "-624000000", "netIncome": "-651000000"}, {"fiscalDateEnding": "2021-12-31", "reportedCurrency": "USD", "grossProfit": "386000000", "totalRevenue": "386000000", "costOfRevenue": "88000000", "costofGoodsAndServicesSold": "88000000", "operatingIncome": "-12000000", "sellingGeneralAndAdministrative": "12000000", "researchAndDevelopment": "None", "operatingExpenses": "398000000", "investmentIncomeNet": "None", "netInterestIncome": "247000000", "interestIncome": "262000000", "interestExpense": "15000000", "nonInterestIncome": "None", "otherNonOperatingIncome": "None", "depreciation": "None", "depreciationAndAmortization": "27000000", "incomeBeforeTax": "-27000000", "incomeTaxExpense": "-27000000", "interestAndDebtExpense": "None", "netIncomeFromContinuingOperations": "-27000000", "comprehensiveIncomeNetOfTax": "None", "ebit": "749000000", "ebitda": "-12000000", "netIncome": "-27000000"}, {"fiscalDateEnding": "2021-09-30", "reportedCurrency": "USD", "grossProfit": "389000000", "totalRevenue": "389000000", "costOfRevenue": "22000000", "costofGoodsAndServicesSold": "22000000", "operatingIncome": "226000000", "sellingGeneralAndAdministrative": "14000000", "researchAndDevelopment": "None", "operatingExpenses": "163000000", "investmentIncomeNet": "None", "netInterestIncome": "279000000", "interestIncome": "293000000", "interestExpense": "14000000", "nonInterestIncome": "None", "otherNonOperatingIncome": "None", "depreciation": "None", "depreciationAndAmortization": "-212000000", "incomeBeforeTax": "212000000", "incomeTaxExpense": "-175000000", "interestAndDebtExpense": "None", "netIncomeFromContinuingOperations": "212000000", "comprehensiveIncomeNetOfTax": "None", "ebit": "12000000", "ebitda": "226000000", "netIncome": "212000000"}, {"fiscalDateEnding": "2021-06-30", "reportedCurrency": "USD", "grossProfit": "-344000000", "totalRevenue": "-344000000", "costOfRevenue": "22000000", "costofGoodsAndServicesSold": "22000000", "operatingIncome": "-394000000", "sellingGeneralAndAdministrative": "12000000", "researchAndDevelopment": "None", "operatingExpenses": "50000000", "investmentIncomeNet": "None", "netInterestIncome": "232000000", "interestIncome": "249000000", "interestExpense": "17000000", "nonInterestIncome": "None", "otherNonOperatingIncome": "-621000000", "depreciation": "None", "depreciationAndAmortization": "411000000", "incomeBeforeTax": "-411000000", "incomeTaxExpense": "-847000000", "interestAndDebtExpense": "None", "netIncomeFromContinuingOperations": "-411000000", "comprehensiveIncomeNetOfTax": "None", "ebit": "-394000000", "ebitda": "-394000000", "netIncome": "-411000000"}, {"fiscalDateEnding": "2021-03-31", "reportedCurrency": "USD", "grossProfit": "1542000000", "totalRevenue": "1542000000", "costOfRevenue": "24000000", "costofGoodsAndServicesSold": "24000000", "operatingIncome": "1004000000", "sellingGeneralAndAdministrative": "16000000", "researchAndDevelopment": "None", "operatingExpenses": "538000000", "investmentIncomeNet": "None", "netInterestIncome": "528000000", "interestIncome": "557000000", "interestExpense": "29000000", "nonInterestIncome": "None", "otherNonOperatingIncome": "471000000", "depreciation": "None", "depreciationAndAmortization": "-975000000", "incomeBeforeTax": "975000000", "incomeTaxExpense": "912000000", "interestAndDebtExpense": "None", "netIncomeFromContinuingOperations": "1023000000", "comprehensiveIncomeNetOfTax": "None", "ebit": "1862000000", "ebitda": "1004000000", "netIncome": "975000000"}, {"fiscalDateEnding": "2020-12-31", "reportedCurrency": "USD", "grossProfit": "746000000", "totalRevenue": "746000000", "costOfRevenue": "93000000", "costofGoodsAndServicesSold": "93000000", "operatingIncome": "827000000", "sellingGeneralAndAdministrative": "17000000", "researchAndDevelopment": "None", "operatingExpenses": "-81000000", "investmentIncomeNet": "None", "netInterestIncome": "183000000", "interestIncome": "235000000", "interestExpense": "52000000", "nonInterestIncome": "None", "otherNonOperatingIncome": "-1018000000", "depreciation": "None", "depreciationAndAmortization": "-775000000", "incomeBeforeTax": "775000000", "incomeTaxExpense": "825967000", "interestAndDebtExpense": "None", "netIncomeFromContinuingOperations": "825000000", "comprehensiveIncomeNetOfTax": "None", "ebit": "827000000", "ebitda": "827000000", "netIncome": "775000000"}, {"fiscalDateEnding": "2020-09-30", "reportedCurrency": "USD", "grossProfit": "1099000000", "totalRevenue": "1099000000", "costOfRevenue": "21000000", "costofGoodsAndServicesSold": "21000000", "operatingIncome": "724000000", "sellingGeneralAndAdministrative": "13000000", "researchAndDevelopment": "None", "operatingExpenses": "375000000", "investmentIncomeNet": "None", "netInterestIncome": "302000000", "interestIncome": "364000000", "interestExpense": "62000000", "nonInterestIncome": "None", "otherNonOperatingIncome": "None", "depreciation": "None", "depreciationAndAmortization": "-662000000", "incomeBeforeTax": "662000000", "incomeTaxExpense": "-25000000", "interestAndDebtExpense": "None", "netIncomeFromContinuingOperations": "662000000", "comprehensiveIncomeNetOfTax": "None", "ebit": "739000000", "ebitda": "724000000", "netIncome": "662000000"}, {"fiscalDateEnding": "2020-06-30", "reportedCurrency": "USD", "grossProfit": "731000000", "totalRevenue": "731000000", "costOfRevenue": "24000000", "costofGoodsAndServicesSold": "24000000", "operatingIncome": "864000000", "sellingGeneralAndAdministrative": "13000000", "researchAndDevelopment": "None", "operatingExpenses": "-133000000", "investmentIncomeNet": "None", "netInterestIncome": "295000000", "interestIncome": "429000000", "interestExpense": "134000000", "nonInterestIncome": "None", "otherNonOperatingIncome": "None", "depreciation": "None", "depreciationAndAmortization": "-864000000", "incomeBeforeTax": "718000000", "incomeTaxExpense": "-25000000", "interestAndDebtExpense": "None", "netIncomeFromContinuingOperations": "766000000", "comprehensiveIncomeNetOfTax": "None", "ebit": "14000000", "ebitda": "852000000", "netIncome": "718000000"}, {"fiscalDateEnding": "2020-03-31", "reportedCurrency": "USD", "grossProfit": "-2235000000", "totalRevenue": "-2235000000", "costOfRevenue": "23000000", "costofGoodsAndServicesSold": "23000000", "operatingIncome": "-1995000000", "sellingGeneralAndAdministrative": "13000000", "researchAndDevelopment": "None", "operatingExpenses": "-240000000", "investmentIncomeNet": "None", "netInterestIncome": "65000000", "interestIncome": "491000000", "interestExpense": "426000000", "nonInterestIncome": "None", "otherNonOperatingIncome": "None", "depreciation": "None", "depreciationAndAmortization": "2421000000", "incomeBeforeTax": "-2421000000", "incomeTaxExpense": "-21000000", "interestAndDebtExpense": "None", "netIncomeFromContinuingOperations": "-2375000000", "comprehensiveIncomeNetOfTax": "None", "ebit": "-5663000000", "ebitda": "-1995000000", "netIncome": "-2421000000"}, {"fiscalDateEnding": "2019-12-31", "reportedCurrency": "USD", "grossProfit": "1330000000", "totalRevenue": "1330000000", "costOfRevenue": "481000000", "costofGoodsAndServicesSold": "481000000", "operatingIncome": "1352000000", "sellingGeneralAndAdministrative": "16000000", "researchAndDevelopment": "None", "operatingExpenses": "-22000000", "investmentIncomeNet": "None", "netInterestIncome": "287000000", "interestIncome": "768000000", "interestExpense": "481000000", "nonInterestIncome": "None", "otherNonOperatingIncome": "None", "depreciation": "None", "depreciationAndAmortization": "-871000000", "incomeBeforeTax": "871000000", "incomeTaxExpense": "871000000", "interestAndDebtExpense": "None", "netIncomeFromContinuingOperations": "871000000", "comprehensiveIncomeNetOfTax": "None", "ebit": "None", "ebitda": "1352000000", "netIncome": "871000000"}, {"fiscalDateEnding": "2019-09-30", "reportedCurrency": "USD", "grossProfit": "144000000", "totalRevenue": "144000000", "costOfRevenue": "19000000", "costofGoodsAndServicesSold": "19000000", "operatingIncome": "553000000", "sellingGeneralAndAdministrative": "10000000", "researchAndDevelopment": "None", "operatingExpenses": "-409000000", "investmentIncomeNet": "None", "netInterestIncome": "119000000", "interestIncome": "676000000", "interestExpense": "557000000", "nonInterestIncome": "None", "otherNonOperatingIncome": "None", "depreciation": "None", "depreciationAndAmortization": "4000000", "incomeBeforeTax": "-4000000", "incomeTaxExpense": "-13000000", "interestAndDebtExpense": "None", "netIncomeFromContinuingOperations": "34000000", "comprehensiveIncomeNetOfTax": "None", "ebit": "549000000", "ebitda": "553000000", "netIncome": "-4000000"}, {"fiscalDateEnding": "2019-06-30", "reportedCurrency": "USD", "grossProfit": "-498000000", "totalRevenue": "-498000000", "costOfRevenue": "20000000", "costofGoodsAndServicesSold": "20000000", "operatingIncome": "126000000", "sellingGeneralAndAdministrative": "11000000", "researchAndDevelopment": "0", "operatingExpenses": "-624000000", "investmentIncomeNet": "None", "netInterestIncome": "123000000", "interestIncome": "693000000", "interestExpense": "570000000", "nonInterestIncome": "None", "otherNonOperatingIncome": "0", "depreciation": "None", "depreciationAndAmortization": "444000000", "incomeBeforeTax": "-444000000", "incomeTaxExpense": "-13000000", "interestAndDebtExpense": "None", "netIncomeFromContinuingOperations": "-404000000", "comprehensiveIncomeNetOfTax": "None", "ebit": "-318000000", "ebitda": "126000000", "netIncome": "-444000000"}, {"fiscalDateEnding": "2019-03-31", "reportedCurrency": "USD", "grossProfit": "106000000", "totalRevenue": "106000000", "costOfRevenue": "19000000", "costofGoodsAndServicesSold": "19000000", "operatingIncome": "806000000", "sellingGeneralAndAdministrative": "10000000", "researchAndDevelopment": "0", "operatingExpenses": "-700000000", "investmentIncomeNet": "None", "netInterestIncome": "164000000", "interestIncome": "705000000", "interestExpense": "541000000", "nonInterestIncome": "None", "otherNonOperatingIncome": "0", "depreciation": "None", "depreciationAndAmortization": "-265000000", "incomeBeforeTax": "265000000", "incomeTaxExpense": "1989000000", "interestAndDebtExpense": "None", "netIncomeFromContinuingOperations": "303000000", "comprehensiveIncomeNetOfTax": "None", "ebit": "-918000000", "ebitda": "806000000", "netIncome": "265000000"}, {"fiscalDateEnding": "2018-12-31", "reportedCurrency": "USD", "grossProfit": "-227000000", "totalRevenue": "-227000000", "costOfRevenue": "0", "costofGoodsAndServicesSold": "0", "operatingIncome": "-386000000", "sellingGeneralAndAdministrative": "11000000", "researchAndDevelopment": "0", "operatingExpenses": "159000000", "investmentIncomeNet": "None", "netInterestIncome": "None", "interestIncome": "None", "interestExpense": "418000000", "nonInterestIncome": "None", "otherNonOperatingIncome": "0", "depreciation": "None", "depreciationAndAmortization": "777000000", "incomeBeforeTax": "-804000000", "incomeTaxExpense": "-777000000", "interestAndDebtExpense": "None", "netIncomeFromContinuingOperations": "-766000000", "comprehensiveIncomeNetOfTax": "None", "ebit": "-952000000", "ebitda": "-386000000", "netIncome": "-804000000"}, {"fiscalDateEnding": "2018-09-30", "reportedCurrency": "USD", "grossProfit": "841000000", "totalRevenue": "889000000", "costOfRevenue": "48000000", "costofGoodsAndServicesSold": "48000000", "operatingIncome": "528000000", "sellingGeneralAndAdministrative": "14000000", "researchAndDevelopment": "0", "operatingExpenses": "313000000", "investmentIncomeNet": "None", "netInterestIncome": "None", "interestIncome": "None", "interestExpense": "312000000", "nonInterestIncome": "None", "otherNonOperatingIncome": "0", "depreciation": "None", "depreciationAndAmortization": "24000000", "incomeBeforeTax": "216000000", "incomeTaxExpense": "115000000", "interestAndDebtExpense": "None", "netIncomeFromContinuingOperations": "306000000", "comprehensiveIncomeNetOfTax": "None", "ebit": "528000000", "ebitda": "552000000", "netIncome": "216000000"}, {"fiscalDateEnding": "2018-06-30", "reportedCurrency": "USD", "grossProfit": "502000000", "totalRevenue": "502000000", "costOfRevenue": "18000000", "costofGoodsAndServicesSold": "18000000", "operatingIncome": "530000000", "sellingGeneralAndAdministrative": "10000000", "researchAndDevelopment": "None", "operatingExpenses": "-28000000", "investmentIncomeNet": "None", "netInterestIncome": "None", "interestIncome": "None", "interestExpense": "237000000", "nonInterestIncome": "None", "otherNonOperatingIncome": "None", "depreciation": "None", "depreciationAndAmortization": "134000000", "incomeBeforeTax": "293000000", "incomeTaxExpense": "None", "interestAndDebtExpense": "None", "netIncomeFromContinuingOperations": "329000000", "comprehensiveIncomeNetOfTax": "None", "ebit": "396000000", "ebitda": "530000000", "netIncome": "293000000"}, {"fiscalDateEnding": "2018-03-31", "reportedCurrency": "USD", "grossProfit": "755000000", "totalRevenue": "756000000", "costOfRevenue": "1000000", "costofGoodsAndServicesSold": "1000000", "operatingIncome": "630000000", "sellingGeneralAndAdministrative": "10000000", "researchAndDevelopment": "None", "operatingExpenses": "125000000", "investmentIncomeNet": "None", "netInterestIncome": "None", "interestIncome": "None", "interestExpense": "206000000", "nonInterestIncome": "None", "otherNonOperatingIncome": "None", "depreciation": "None", "depreciationAndAmortization": "1000000", "incomeBeforeTax": "424000000", "incomeTaxExpense": "-289000000", "interestAndDebtExpense": "None", "netIncomeFromContinuingOperations": "460000000", "comprehensiveIncomeNetOfTax": "None", "ebit": "630000000", "ebitda": "631000000", "netIncome": "424000000"}, {"fiscalDateEnding": "2017-12-31", "reportedCurrency": "USD", "grossProfit": "525000000", "totalRevenue": "525000000", "costOfRevenue": "70000000", "costofGoodsAndServicesSold": "70000000", "operatingIncome": "559000000", "sellingGeneralAndAdministrative": "12000000", "researchAndDevelopment": "None", "operatingExpenses": "12500000", "investmentIncomeNet": "None", "netInterestIncome": "None", "interestIncome": "None", "interestExpense": "174000000", "nonInterestIncome": "None", "otherNonOperatingIncome": "None", "depreciation": "None", "depreciationAndAmortization": "-3000000", "incomeBeforeTax": "385000000", "incomeTaxExpense": "-405000000", "interestAndDebtExpense": "None", "netIncomeFromContinuingOperations": "None", "comprehensiveIncomeNetOfTax": "None", "ebit": "125000000", "ebitda": "559000000", "netIncome": "385000000"}, {"fiscalDateEnding": "2017-09-30", "reportedCurrency": "USD", "grossProfit": "484000000", "totalRevenue": "485000000", "costOfRevenue": "1000000", "costofGoodsAndServicesSold": "1000000", "operatingIncome": "426000000", "sellingGeneralAndAdministrative": "10000000", "researchAndDevelopment": "None", "operatingExpenses": "10000000", "investmentIncomeNet": "None", "netInterestIncome": "None", "interestIncome": "None", "interestExpense": "140000000", "nonInterestIncome": "None", "otherNonOperatingIncome": "None", "depreciation": "None", "depreciationAndAmortization": "1000000", "incomeBeforeTax": "286000000", "incomeTaxExpense": "189000000", "interestAndDebtExpense": "None", "netIncomeFromContinuingOperations": "320000000", "comprehensiveIncomeNetOfTax": "None", "ebit": "426000000", "ebitda": "427000000", "netIncome": "286000000"}, {"fiscalDateEnding": "2017-06-30", "reportedCurrency": "USD", "grossProfit": "311000000", "totalRevenue": "312000000", "costOfRevenue": "1000000", "costofGoodsAndServicesSold": "1000000", "operatingIncome": "136000000", "sellingGeneralAndAdministrative": "10000000", "researchAndDevelopment": "None", "operatingExpenses": "10000000", "investmentIncomeNet": "None", "netInterestIncome": "None", "interestIncome": "None", "interestExpense": "112000000", "nonInterestIncome": "None", "otherNonOperatingIncome": "None", "depreciation": "None", "depreciationAndAmortization": "1000000", "incomeBeforeTax": "24000000", "incomeTaxExpense": "471000000", "interestAndDebtExpense": "None", "netIncomeFromContinuingOperations": "56000000", "comprehensiveIncomeNetOfTax": "None", "ebit": "136000000", "ebitda": "137000000", "netIncome": "24000000"}, {"fiscalDateEnding": "2017-03-31", "reportedCurrency": "USD", "grossProfit": "267000000", "totalRevenue": "268000000", "costOfRevenue": "1000000", "costofGoodsAndServicesSold": "1000000", "operatingIncome": "174000000", "sellingGeneralAndAdministrative": "10000000", "researchAndDevelopment": "None", "operatingExpenses": "10000000", "investmentIncomeNet": "None", "netInterestIncome": "None", "interestIncome": "None", "interestExpense": "98000000", "nonInterestIncome": "None", "otherNonOperatingIncome": "None", "depreciation": "None", "depreciationAndAmortization": "1000000", "incomeBeforeTax": "76000000", "incomeTaxExpense": "346000000", "interestAndDebtExpense": "None", "netIncomeFromContinuingOperations": "110000000", "comprehensiveIncomeNetOfTax": "None", "ebit": "174000000", "ebitda": "175000000", "netIncome": "76000000"}, {"fiscalDateEnding": "2016-12-31", "reportedCurrency": "USD", "grossProfit": "1144000000", "totalRevenue": "1145000000", "costOfRevenue": "1000000", "costofGoodsAndServicesSold": "1000000", "operatingIncome": "1117000000", "sellingGeneralAndAdministrative": "10000000", "researchAndDevelopment": "None", "operatingExpenses": "10731000", "investmentIncomeNet": "None", "netInterestIncome": "None", "interestIncome": "None", "interestExpense": "98000000", "nonInterestIncome": "None", "otherNonOperatingIncome": "None", "depreciation": "None", "depreciationAndAmortization": "1000000", "incomeBeforeTax": "1019000000", "incomeTaxExpense": "None", "interestAndDebtExpense": "None", "netIncomeFromContinuingOperations": "None", "comprehensiveIncomeNetOfTax": "None", "ebit": "1117000000", "ebitda": "1118000000", "netIncome": "1019000000"}, {"fiscalDateEnding": "2016-09-30", "reportedCurrency": "USD", "grossProfit": "125000000", "totalRevenue": "126000000", "costOfRevenue": "1000000", "costofGoodsAndServicesSold": "1000000", "operatingIncome": "600000000", "sellingGeneralAndAdministrative": "9000000", "researchAndDevelopment": "None", "operatingExpenses": "9000000", "investmentIncomeNet": "None", "netInterestIncome": "None", "interestIncome": "None", "interestExpense": "96000000", "nonInterestIncome": "None", "otherNonOperatingIncome": "None", "depreciation": "None", "depreciationAndAmortization": "88000000", "incomeBeforeTax": "511000000", "incomeTaxExpense": "-7000000", "interestAndDebtExpense": "None", "netIncomeFromContinuingOperations": "541000000", "comprehensiveIncomeNetOfTax": "None", "ebit": "600000000", "ebitda": "601000000", "netIncome": "511000000"}, {"fiscalDateEnding": "2016-06-30", "reportedCurrency": "USD", "grossProfit": "-120000000", "totalRevenue": "-95000000", "costOfRevenue": "25000000", "costofGoodsAndServicesSold": "25000000", "operatingIncome": "-120000000", "sellingGeneralAndAdministrative": "15000000", "researchAndDevelopment": "None", "operatingExpenses": "-120000000", "investmentIncomeNet": "None", "netInterestIncome": "None", "interestIncome": "None", "interestExpense": "101000000", "nonInterestIncome": "None", "otherNonOperatingIncome": "None", "depreciation": "None", "depreciationAndAmortization": "126000000", "incomeBeforeTax": "-135000000", "incomeTaxExpense": "-126000000", "interestAndDebtExpense": "None", "netIncomeFromContinuingOperations": "-55000000", "comprehensiveIncomeNetOfTax": "None", "ebit": "-160000000", "ebitda": "-34000000", "netIncome": "-135000000"}, {"fiscalDateEnding": "2016-03-31", "reportedCurrency": "USD", "grossProfit": "-766000000", "totalRevenue": "-739000000", "costOfRevenue": "27000000", "costofGoodsAndServicesSold": "27000000", "operatingIncome": "-766000000", "sellingGeneralAndAdministrative": "6000000", "researchAndDevelopment": "None", "operatingExpenses": "-766000000", "investmentIncomeNet": "None", "netInterestIncome": "None", "interestIncome": "None", "interestExpense": "99000000", "nonInterestIncome": "None", "otherNonOperatingIncome": "None", "depreciation": "None", "depreciationAndAmortization": "772000000", "incomeBeforeTax": "-772000000", "incomeTaxExpense": "-772000000", "interestAndDebtExpense": "None", "netIncomeFromContinuingOperations": "-706000000", "comprehensiveIncomeNetOfTax": "None", "ebit": "-902000000", "ebitda": "-673000000", "netIncome": "-772000000"}, {"fiscalDateEnding": "2015-12-31", "reportedCurrency": "USD", "grossProfit": "593000000", "totalRevenue": "621000000", "costOfRevenue": "28000000", "costofGoodsAndServicesSold": "28000000", "operatingIncome": "592296000", "sellingGeneralAndAdministrative": "5000000", "researchAndDevelopment": "None", "operatingExpenses": "704000", "investmentIncomeNet": "None", "netInterestIncome": "None", "interestIncome": "None", "interestExpense": "86000000", "nonInterestIncome": "None", "otherNonOperatingIncome": "None", "depreciation": "None", "depreciationAndAmortization": "-588000000", "incomeBeforeTax": "588000000", "incomeTaxExpense": "588000000", "interestAndDebtExpense": "None", "netIncomeFromContinuingOperations": "None", "comprehensiveIncomeNetOfTax": "None", "ebit": "None", "ebitda": "674000000", "netIncome": "588000000"}, {"fiscalDateEnding": "2015-09-30", "reportedCurrency": "USD", "grossProfit": "-628000000", "totalRevenue": "-599000000", "costOfRevenue": "29000000", "costofGoodsAndServicesSold": "29000000", "operatingIncome": "-628000000", "sellingGeneralAndAdministrative": "5000000", "researchAndDevelopment": "None", "operatingExpenses": "-628000000", "investmentIncomeNet": "None", "netInterestIncome": "None", "interestIncome": "None", "interestExpense": "77000000", "nonInterestIncome": "None", "otherNonOperatingIncome": "None", "depreciation": "None", "depreciationAndAmortization": "633000000", "incomeBeforeTax": "-633000000", "incomeTaxExpense": "-633000000", "interestAndDebtExpense": "None", "netIncomeFromContinuingOperations": "-633000000", "comprehensiveIncomeNetOfTax": "None", "ebit": "-851000000", "ebitda": "-556000000", "netIncome": "-633000000"}, {"fiscalDateEnding": "2015-06-30", "reportedCurrency": "USD", "grossProfit": "519000000", "totalRevenue": "548000000", "costOfRevenue": "29000000", "costofGoodsAndServicesSold": "29000000", "operatingIncome": "512000000", "sellingGeneralAndAdministrative": "7000000", "researchAndDevelopment": "None", "operatingExpenses": "7000000", "investmentIncomeNet": "None", "netInterestIncome": "None", "interestIncome": "None", "interestExpense": "81000000", "nonInterestIncome": "None", "otherNonOperatingIncome": "None", "depreciation": "None", "depreciationAndAmortization": "-512000000", "incomeBeforeTax": "512000000", "incomeTaxExpense": "512000000", "interestAndDebtExpense": "None", "netIncomeFromContinuingOperations": "512000000", "comprehensiveIncomeNetOfTax": "None", "ebit": "179000000", "ebitda": "593000000", "netIncome": "512000000"}, {"fiscalDateEnding": "2015-03-31", "reportedCurrency": "USD", "grossProfit": "-246000000", "totalRevenue": "-216000000", "costOfRevenue": "30000000", "costofGoodsAndServicesSold": "30000000", "operatingIncome": "-252000000", "sellingGeneralAndAdministrative": "6000000", "researchAndDevelopment": "None", "operatingExpenses": "6000000", "investmentIncomeNet": "None", "netInterestIncome": "None", "interestIncome": "None", "interestExpense": "86000000", "nonInterestIncome": "None", "otherNonOperatingIncome": "None", "depreciation": "None", "depreciationAndAmortization": "252000000", "incomeBeforeTax": "-252000000", "incomeTaxExpense": "-252000000", "interestAndDebtExpense": "None", "netIncomeFromContinuingOperations": "-252000000", "comprehensiveIncomeNetOfTax": "None", "ebit": "-418000000", "ebitda": "-166000000", "netIncome": "-252000000"}, {"fiscalDateEnding": "2014-12-31", "reportedCurrency": "USD", "grossProfit": "-189000000", "totalRevenue": "-189000000", "costOfRevenue": "None", "costofGoodsAndServicesSold": "None", "operatingIncome": "-224000000", "sellingGeneralAndAdministrative": "35000000", "researchAndDevelopment": "None", "operatingExpenses": "35000000", "investmentIncomeNet": "None", "netInterestIncome": "None", "interestIncome": "None", "interestExpense": "81000000", "nonInterestIncome": "None", "otherNonOperatingIncome": "None", "depreciation": "None", "depreciationAndAmortization": "224000000", "incomeBeforeTax": "-322000000", "incomeTaxExpense": "-224000000", "interestAndDebtExpense": "None", "netIncomeFromContinuingOperations": "None", "comprehensiveIncomeNetOfTax": "None", "ebit": "None", "ebitda": "-241000000", "netIncome": "-322000000"}, {"fiscalDateEnding": "2014-09-30", "reportedCurrency": "USD", "grossProfit": "299000000", "totalRevenue": "299000000", "costOfRevenue": "None", "costofGoodsAndServicesSold": "None", "operatingIncome": "264000000", "sellingGeneralAndAdministrative": "35000000", "researchAndDevelopment": "None", "operatingExpenses": "35000000", "investmentIncomeNet": "None", "netInterestIncome": "None", "interestIncome": "None", "interestExpense": "88000000", "nonInterestIncome": "None", "otherNonOperatingIncome": "None", "depreciation": "None", "depreciationAndAmortization": "-264000000", "incomeBeforeTax": "197000000", "incomeTaxExpense": "264000000", "interestAndDebtExpense": "None", "netIncomeFromContinuingOperations": "197000000", "comprehensiveIncomeNetOfTax": "None", "ebit": "-2000000", "ebitda": "285000000", "netIncome": "197000000"}, {"fiscalDateEnding": "2014-06-30", "reportedCurrency": "USD", "grossProfit": "63000000", "totalRevenue": "63000000", "costOfRevenue": "None", "costofGoodsAndServicesSold": "None", "operatingIncome": "27000000", "sellingGeneralAndAdministrative": "36000000", "researchAndDevelopment": "None", "operatingExpenses": "36000000", "investmentIncomeNet": "None", "netInterestIncome": "None", "interestIncome": "None", "interestExpense": "95000000", "nonInterestIncome": "None", "otherNonOperatingIncome": "None", "depreciation": "None", "depreciationAndAmortization": "-27000000", "incomeBeforeTax": "32000000", "incomeTaxExpense": "27000000", "interestAndDebtExpense": "None", "netIncomeFromContinuingOperations": "32000000", "comprehensiveIncomeNetOfTax": "None", "ebit": "127000000", "ebitda": "100000000", "netIncome": "32000000"}, {"fiscalDateEnding": "2014-03-31", "reportedCurrency": "USD", "grossProfit": "-139000000", "totalRevenue": "-139000000", "costOfRevenue": "None", "costofGoodsAndServicesSold": "None", "operatingIncome": "-174000000", "sellingGeneralAndAdministrative": "35000000", "researchAndDevelopment": "None", "operatingExpenses": "35000000", "investmentIncomeNet": "None", "netInterestIncome": "None", "interestIncome": "None", "interestExpense": "108000000", "nonInterestIncome": "None", "otherNonOperatingIncome": "None", "depreciation": "None", "depreciationAndAmortization": "174000000", "incomeBeforeTax": "-141000000", "incomeTaxExpense": "-174000000", "interestAndDebtExpense": "None", "netIncomeFromContinuingOperations": "-141000000", "comprehensiveIncomeNetOfTax": "None", "ebit": "-207000000", "ebitda": "-33000000", "netIncome": "-141000000"}, {"fiscalDateEnding": "2013-12-31", "reportedCurrency": "USD", "grossProfit": "-48000000", "totalRevenue": "-48000000", "costOfRevenue": "None", "costofGoodsAndServicesSold": "None", "operatingIncome": "-86000000", "sellingGeneralAndAdministrative": "38000000", "researchAndDevelopment": "None", "operatingExpenses": "38000000", "investmentIncomeNet": "None", "netInterestIncome": "None", "interestIncome": "None", "interestExpense": "120000000", "nonInterestIncome": "None", "otherNonOperatingIncome": "None", "depreciation": "None", "depreciationAndAmortization": "86000000", "incomeBeforeTax": "-97000000", "incomeTaxExpense": "3000000", "interestAndDebtExpense": "None", "netIncomeFromContinuingOperations": "None", "comprehensiveIncomeNetOfTax": "None", "ebit": "None", "ebitda": "23000000", "netIncome": "-100000000"}, {"fiscalDateEnding": "2013-09-30", "reportedCurrency": "USD", "grossProfit": "-678000000", "totalRevenue": "-678000000", "costOfRevenue": "None", "costofGoodsAndServicesSold": "None", "operatingIncome": "-720000000", "sellingGeneralAndAdministrative": "42000000", "researchAndDevelopment": "None", "operatingExpenses": "23000000", "investmentIncomeNet": "None", "netInterestIncome": "None", "interestIncome": "None", "interestExpense": "145000000", "nonInterestIncome": "None", "otherNonOperatingIncome": "None", "depreciation": "None", "depreciationAndAmortization": "720000000", "incomeBeforeTax": "-701000000", "incomeTaxExpense": "-720000000", "interestAndDebtExpense": "None", "netIncomeFromContinuingOperations": "-701000000", "comprehensiveIncomeNetOfTax": "None", "ebit": "-704000000", "ebitda": "16000000", "netIncome": "-701000000"}, {"fiscalDateEnding": "2013-06-30", "reportedCurrency": "USD", "grossProfit": "1830000000", "totalRevenue": "1830000000", "costOfRevenue": "None", "costofGoodsAndServicesSold": "None", "operatingIncome": "1784000000", "sellingGeneralAndAdministrative": "46000000", "researchAndDevelopment": "None", "operatingExpenses": "1000000", "investmentIncomeNet": "None", "netInterestIncome": "None", "interestIncome": "None", "interestExpense": "131000000", "nonInterestIncome": "None", "otherNonOperatingIncome": "None", "depreciation": "None", "depreciationAndAmortization": "-1784000000", "incomeBeforeTax": "1829000000", "incomeTaxExpense": "1784000000", "interestAndDebtExpense": "None", "netIncomeFromContinuingOperations": "1829000000", "comprehensiveIncomeNetOfTax": "None", "ebit": "1825000000", "ebitda": "41000000", "netIncome": "1829000000"}, {"fiscalDateEnding": "2013-03-31", "reportedCurrency": "USD", "grossProfit": "307000000", "totalRevenue": "307000000", "costOfRevenue": "None", "costofGoodsAndServicesSold": "None", "operatingIncome": "265000000", "sellingGeneralAndAdministrative": "42000000", "researchAndDevelopment": "None", "operatingExpenses": "66000000", "investmentIncomeNet": "None", "netInterestIncome": "None", "interestIncome": "None", "interestExpense": "140000000", "nonInterestIncome": "None", "otherNonOperatingIncome": "None", "depreciation": "None", "depreciationAndAmortization": "-265000000", "incomeBeforeTax": "241000000", "incomeTaxExpense": "10000000", "interestAndDebtExpense": "None", "netIncomeFromContinuingOperations": "241000000", "comprehensiveIncomeNetOfTax": "None", "ebit": "238000000", "ebitda": "-27000000", "netIncome": "231000000"}, {"fiscalDateEnding": "2012-12-31", "reportedCurrency": "USD", "grossProfit": "897000000", "totalRevenue": "897000000", "costOfRevenue": "None", "costofGoodsAndServicesSold": "None", "operatingIncome": "857000000", "sellingGeneralAndAdministrative": "40000000", "researchAndDevelopment": "None", "operatingExpenses": "71000000", "investmentIncomeNet": "None", "netInterestIncome": "None", "interestIncome": "None", "interestExpense": "147000000", "nonInterestIncome": "None", "otherNonOperatingIncome": "None", "depreciation": "None", "depreciationAndAmortization": "-857000000", "incomeBeforeTax": "825000000", "incomeTaxExpense": "15000000", "interestAndDebtExpense": "None", "netIncomeFromContinuingOperations": "None", "comprehensiveIncomeNetOfTax": "None", "ebit": "822000000", "ebitda": "-35000000", "netIncome": "810000000"}, {"fiscalDateEnding": "2012-09-30", "reportedCurrency": "USD", "grossProfit": "229000000", "totalRevenue": "229000000", "costOfRevenue": "None", "costofGoodsAndServicesSold": "None", "operatingIncome": "230000000", "sellingGeneralAndAdministrative": "40000000", "researchAndDevelopment": "None", "operatingExpenses": "138000000", "investmentIncomeNet": "None", "netInterestIncome": "None", "interestIncome": "None", "interestExpense": "139000000", "nonInterestIncome": "None", "otherNonOperatingIncome": "None", "depreciation": "None", "depreciationAndAmortization": "None", "incomeBeforeTax": "91000000", "incomeTaxExpense": "5000000", "interestAndDebtExpense": "None", "netIncomeFromContinuingOperations": "None", "comprehensiveIncomeNetOfTax": "None", "ebit": "None", "ebitda": "88000000", "netIncome": "86000000"}, {"fiscalDateEnding": "2012-06-30", "reportedCurrency": "USD", "grossProfit": "-456000000", "totalRevenue": "-228000000", "costOfRevenue": "228000000", "costofGoodsAndServicesSold": "228000000", "operatingIncome": "-144000000", "sellingGeneralAndAdministrative": "36000000", "researchAndDevelopment": "None", "operatingExpenses": "156000000", "investmentIncomeNet": "None", "netInterestIncome": "None", "interestIncome": "None", "interestExpense": "120000000", "nonInterestIncome": "None", "otherNonOperatingIncome": "None", "depreciation": "None", "depreciationAndAmortization": "None", "incomeBeforeTax": "-264000000", "incomeTaxExpense": "-3000000", "interestAndDebtExpense": "None", "netIncomeFromContinuingOperations": "None", "comprehensiveIncomeNetOfTax": "None", "ebit": "None", "ebitda": "-144000000", "netIncome": "-261000000"}, {"fiscalDateEnding": "2012-03-31", "reportedCurrency": "USD", "grossProfit": "671000000", "totalRevenue": "671000000", "costOfRevenue": "None", "costofGoodsAndServicesSold": "None", "operatingIncome": "749000000", "sellingGeneralAndAdministrative": "6000000", "researchAndDevelopment": "None", "operatingExpenses": "134000000", "investmentIncomeNet": "None", "netInterestIncome": "None", "interestIncome": "None", "interestExpense": "106000000", "nonInterestIncome": "None", "otherNonOperatingIncome": "None", "depreciation": "None", "depreciationAndAmortization": "None", "incomeBeforeTax": "643000000", "incomeTaxExpense": "2000000", "interestAndDebtExpense": "None", "netIncomeFromContinuingOperations": "None", "comprehensiveIncomeNetOfTax": "None", "ebit": "None", "ebitda": "749000000", "netIncome": "641000000"}, {"fiscalDateEnding": "2011-12-31", "reportedCurrency": "USD", "grossProfit": "238278000", "totalRevenue": "238278000", "costOfRevenue": "None", "costofGoodsAndServicesSold": "None", "operatingIncome": "303894000", "sellingGeneralAndAdministrative": "24459000", "researchAndDevelopment": "None", "operatingExpenses": "114000000", "investmentIncomeNet": "None", "netInterestIncome": "None", "interestIncome": "None", "interestExpense": "90075000", "nonInterestIncome": "None", "otherNonOperatingIncome": "None", "depreciation": "None", "depreciationAndAmortization": "None", "incomeBeforeTax": "213819000", "incomeTaxExpense": "5105000", "interestAndDebtExpense": "None", "netIncomeFromContinuingOperations": "None", "comprehensiveIncomeNetOfTax": "None", "ebit": "None", "ebitda": "303894000", "netIncome": "208714000"}, {"fiscalDateEnding": "2011-09-30", "reportedCurrency": "USD", "grossProfit": "272980000", "totalRevenue": "272980000", "costOfRevenue": "None", "costofGoodsAndServicesSold": "None", "operatingIncome": "346537000", "sellingGeneralAndAdministrative": "21479000", "researchAndDevelopment": "None", "operatingExpenses": "117000000", "investmentIncomeNet": "None", "netInterestIncome": "None", "interestIncome": "None", "interestExpense": "95036000", "nonInterestIncome": "None", "otherNonOperatingIncome": "None", "depreciation": "None", "depreciationAndAmortization": "None", "incomeBeforeTax": "251501000", "incomeTaxExpense": "1100000", "interestAndDebtExpense": "None", "netIncomeFromContinuingOperations": "None", "comprehensiveIncomeNetOfTax": "None", "ebit": "None", "ebitda": "346537000", "netIncome": "250401000"}, {"fiscalDateEnding": "2011-06-30", "reportedCurrency": "USD", "grossProfit": "194791000", "totalRevenue": "194791000", "costOfRevenue": "None", "costofGoodsAndServicesSold": "None", "operatingIncome": "241638000", "sellingGeneralAndAdministrative": "16969000", "researchAndDevelopment": "None", "operatingExpenses": "4546000", "investmentIncomeNet": "None", "netInterestIncome": "None", "interestIncome": "None", "interestExpense": "63816000", "nonInterestIncome": "None", "otherNonOperatingIncome": "None", "depreciation": "None", "depreciationAndAmortization": "None", "incomeBeforeTax": "177822000", "incomeTaxExpense": "None", "interestAndDebtExpense": "None", "netIncomeFromContinuingOperations": "None", "comprehensiveIncomeNetOfTax": "None", "ebit": "None", "ebitda": "241638000", "netIncome": "177822000"}, {"fiscalDateEnding": "2011-03-31", "reportedCurrency": "USD", "grossProfit": "15749000", "totalRevenue": "145000000", "costOfRevenue": "None", "costofGoodsAndServicesSold": "None", "operatingIncome": "169191000", "sellingGeneralAndAdministrative": "11052000", "researchAndDevelopment": "None", "operatingExpenses": "47000000", "investmentIncomeNet": "None", "netInterestIncome": "None", "interestIncome": "None", "interestExpense": "35648000", "nonInterestIncome": "None", "otherNonOperatingIncome": "None", "depreciation": "None", "depreciationAndAmortization": "None", "incomeBeforeTax": "134000000", "incomeTaxExpense": "-80392000", "interestAndDebtExpense": "None", "netIncomeFromContinuingOperations": "None", "comprehensiveIncomeNetOfTax": "None", "ebit": "None", "ebitda": "169191000", "netIncome": "133542000"}, {"fiscalDateEnding": "2010-12-31", "reportedCurrency": "USD", "grossProfit": "144902000", "totalRevenue": "144902000", "costOfRevenue": "None", "costofGoodsAndServicesSold": "None", "operatingIncome": "162922000", "sellingGeneralAndAdministrative": "6617000", "researchAndDevelopment": "None", "operatingExpenses": "31000000", "investmentIncomeNet": "None", "netInterestIncome": "None", "interestIncome": "None", "interestExpense": "24637000", "nonInterestIncome": "None", "otherNonOperatingIncome": "None", "depreciation": "None", "depreciationAndAmortization": "None", "incomeBeforeTax": "138285000", "incomeTaxExpense": "205000", "interestAndDebtExpense": "None", "netIncomeFromContinuingOperations": "None", "comprehensiveIncomeNetOfTax": "None", "ebit": "None", "ebitda": "162922000", "netIncome": "138080000"}, {"fiscalDateEnding": "2010-09-30", "reportedCurrency": "USD", "grossProfit": "64901000", "totalRevenue": "64901000", "costOfRevenue": "None", "costofGoodsAndServicesSold": "None", "operatingIncome": "78809000", "sellingGeneralAndAdministrative": "4623000", "researchAndDevelopment": "None", "operatingExpenses": "24000000", "investmentIncomeNet": "None", "netInterestIncome": "None", "interestIncome": "None", "interestExpense": "18531000", "nonInterestIncome": "None", "otherNonOperatingIncome": "None", "depreciation": "None", "depreciationAndAmortization": "None", "incomeBeforeTax": "60278000", "incomeTaxExpense": "250000", "interestAndDebtExpense": "None", "netIncomeFromContinuingOperations": "None", "comprehensiveIncomeNetOfTax": "None", "ebit": "None", "ebitda": "78809000", "netIncome": "60028000"}, {"fiscalDateEnding": "2010-06-30", "reportedCurrency": "USD", "grossProfit": "40959000", "totalRevenue": "40959000", "costOfRevenue": "None", "costofGoodsAndServicesSold": "None", "operatingIncome": "54206000", "sellingGeneralAndAdministrative": "4101000", "researchAndDevelopment": "None", "operatingExpenses": "21000000", "investmentIncomeNet": "None", "netInterestIncome": "None", "interestIncome": "None", "interestExpense": "17348000", "nonInterestIncome": "None", "otherNonOperatingIncome": "None", "depreciation": "None", "depreciationAndAmortization": "None", "incomeBeforeTax": "36858000", "incomeTaxExpense": "None", "interestAndDebtExpense": "None", "netIncomeFromContinuingOperations": "None", "comprehensiveIncomeNetOfTax": "None", "ebit": "None", "ebitda": "54206000", "netIncome": "36858000"}, {"fiscalDateEnding": "2010-03-31", "reportedCurrency": "USD", "grossProfit": "None", "totalRevenue": "56615000", "costOfRevenue": "None", "costofGoodsAndServicesSold": "None", "operatingIncome": "None", "sellingGeneralAndAdministrative": "3465000", "researchAndDevelopment": "None", "operatingExpenses": "None", "investmentIncomeNet": "None", "netInterestIncome": "None", "interestIncome": "None", "interestExpense": "15510000", "nonInterestIncome": "None", "otherNonOperatingIncome": "None", "depreciation": "None", "depreciationAndAmortization": "None", "incomeBeforeTax": "None", "incomeTaxExpense": "None", "interestAndDebtExpense": "None", "netIncomeFromContinuingOperations": "None", "comprehensiveIncomeNetOfTax": "None", "ebit": "None", "ebitda": "None", "netIncome": "53150000"}, {"fiscalDateEnding": "2009-12-31", "reportedCurrency": "USD", "grossProfit": "44671000", "totalRevenue": "44671000", "costOfRevenue": "None", "costofGoodsAndServicesSold": "None", "operatingIncome": "54971000", "sellingGeneralAndAdministrative": "3639000", "researchAndDevelopment": "None", "operatingExpenses": "18000000", "investmentIncomeNet": "None", "netInterestIncome": "None", "interestIncome": "None", "interestExpense": "14274000", "nonInterestIncome": "None", "otherNonOperatingIncome": "None", "depreciation": "None", "depreciationAndAmortization": "10186000", "incomeBeforeTax": "53150000", "incomeTaxExpense": "12453000", "interestAndDebtExpense": "None", "netIncomeFromContinuingOperations": "None", "comprehensiveIncomeNetOfTax": "None", "ebit": "54971000", "ebitda": "65157000", "netIncome": "40697000"}, {"fiscalDateEnding": "2009-09-30", "reportedCurrency": "USD", "grossProfit": "33877000", "totalRevenue": "33877000", "costOfRevenue": "None", "costofGoodsAndServicesSold": "None", "operatingIncome": "42788000", "sellingGeneralAndAdministrative": "2640000", "researchAndDevelopment": "None", "operatingExpenses": "14000000", "investmentIncomeNet": "None", "netInterestIncome": "None", "interestIncome": "None", "interestExpense": "11551000", "nonInterestIncome": "None", "otherNonOperatingIncome": "None", "depreciation": "None", "depreciationAndAmortization": "9384000", "incomeBeforeTax": "31237000", "incomeTaxExpense": "None", "interestAndDebtExpense": "None", "netIncomeFromContinuingOperations": "None", "comprehensiveIncomeNetOfTax": "None", "ebit": "42788000", "ebitda": "52172000", "netIncome": "31237000"}, {"fiscalDateEnding": "2009-06-30", "reportedCurrency": "USD", "grossProfit": "32861000", "totalRevenue": "32861000", "costOfRevenue": "None", "costofGoodsAndServicesSold": "None", "operatingIncome": "39951000", "sellingGeneralAndAdministrative": "2495000", "researchAndDevelopment": "None", "operatingExpenses": "12000000", "investmentIncomeNet": "None", "netInterestIncome": "None", "interestIncome": "None", "interestExpense": "9585000", "nonInterestIncome": "None", "otherNonOperatingIncome": "None", "depreciation": "None", "depreciationAndAmortization": "3065000", "incomeBeforeTax": "30366000", "incomeTaxExpense": "None", "interestAndDebtExpense": "None", "netIncomeFromContinuingOperations": "None", "comprehensiveIncomeNetOfTax": "None", "ebit": "39951000", "ebitda": "43016000", "netIncome": "30366000"}, {"fiscalDateEnding": "2009-03-31", "reportedCurrency": "USD", "grossProfit": "18682000", "totalRevenue": "18682000", "costOfRevenue": "None", "costofGoodsAndServicesSold": "None", "operatingIncome": "24440000", "sellingGeneralAndAdministrative": "2371000", "researchAndDevelopment": "None", "operatingExpenses": "11000000", "investmentIncomeNet": "None", "netInterestIncome": "None", "interestIncome": "None", "interestExpense": "8129000", "nonInterestIncome": "None", "otherNonOperatingIncome": "None", "depreciation": "None", "depreciationAndAmortization": "3449000", "incomeBeforeTax": "16311000", "incomeTaxExpense": "None", "interestAndDebtExpense": "None", "netIncomeFromContinuingOperations": "None", "comprehensiveIncomeNetOfTax": "None", "ebit": "24440000", "ebitda": "27889000", "netIncome": "16311000"}, {"fiscalDateEnding": "2008-12-31", "reportedCurrency": "USD", "grossProfit": "13092000", "totalRevenue": "13092000", "costOfRevenue": "None", "costofGoodsAndServicesSold": "None", "operatingIncome": "21283000", "sellingGeneralAndAdministrative": "3457000", "researchAndDevelopment": "None", "operatingExpenses": "8191000", "investmentIncomeNet": "None", "netInterestIncome": "None", "interestIncome": "None", "interestExpense": "10331000", "nonInterestIncome": "None", "otherNonOperatingIncome": "None", "depreciation": "None", "depreciationAndAmortization": "7620000", "incomeBeforeTax": "None", "incomeTaxExpense": "10331000", "interestAndDebtExpense": "None", "netIncomeFromContinuingOperations": "None", "comprehensiveIncomeNetOfTax": "None", "ebit": "21283000", "ebitda": "28903000", "netIncome": "10952000"}, {"fiscalDateEnding": "2008-09-30", "reportedCurrency": "USD", "grossProfit": "21240000", "totalRevenue": "21240000", "costOfRevenue": "None", "costofGoodsAndServicesSold": "None", "operatingIncome": "29910000", "sellingGeneralAndAdministrative": "1424000", "researchAndDevelopment": "None", "operatingExpenses": "13000000", "investmentIncomeNet": "None", "netInterestIncome": "None", "interestIncome": "None", "interestExpense": "11009000", "nonInterestIncome": "None", "otherNonOperatingIncome": "None", "depreciation": "None", "depreciationAndAmortization": "2324000", "incomeBeforeTax": "18901000", "incomeTaxExpense": "None", "interestAndDebtExpense": "None", "netIncomeFromContinuingOperations": "None", "comprehensiveIncomeNetOfTax": "None", "ebit": "29910000", "ebitda": "32234000", "netIncome": "18901000"}, {"fiscalDateEnding": "2008-06-30", "reportedCurrency": "USD", "grossProfit": "6775000", "totalRevenue": "6775000", "costOfRevenue": "None", "costofGoodsAndServicesSold": "None", "operatingIncome": "9096000", "sellingGeneralAndAdministrative": "874000", "researchAndDevelopment": "None", "operatingExpenses": "5000000", "investmentIncomeNet": "None", "netInterestIncome": "None", "interestIncome": "None", "interestExpense": "3597000", "nonInterestIncome": "None", "otherNonOperatingIncome": "None", "depreciation": "None", "depreciationAndAmortization": "None", "incomeBeforeTax": "None", "incomeTaxExpense": "-5499000", "interestAndDebtExpense": "None", "netIncomeFromContinuingOperations": "None", "comprehensiveIncomeNetOfTax": "None", "ebit": "None", "ebitda": "9096000", "netIncome": "5499000"}]}