{"symbol": "AGAE", "annualReports": [{"fiscalDateEnding": "2024-12-31", "reportedCurrency": "USD", "grossProfit": "2707000", "totalRevenue": "9079000", "costOfRevenue": "6373000", "costofGoodsAndServicesSold": "6373000", "operatingIncome": "-23306000", "sellingGeneralAndAdministrative": "13349000", "researchAndDevelopment": "865585", "operatingExpenses": "26012000", "investmentIncomeNet": "None", "netInterestIncome": "3654986", "interestIncome": "3654986", "interestExpense": "None", "nonInterestIncome": "None", "otherNonOperatingIncome": "None", "depreciation": "None", "depreciationAndAmortization": "1586000", "incomeBeforeTax": "-23001000", "incomeTaxExpense": "-425000", "interestAndDebtExpense": "None", "netIncomeFromContinuingOperations": "-22576017", "comprehensiveIncomeNetOfTax": "None", "ebit": "-13381000", "ebitda": "-11795000", "netIncome": "-16757000"}, {"fiscalDateEnding": "2023-12-31", "reportedCurrency": "USD", "grossProfit": "2859151", "totalRevenue": "7655039", "costOfRevenue": "4795888", "costofGoodsAndServicesSold": "4795888", "operatingIncome": "-6599616", "sellingGeneralAndAdministrative": "7569154", "researchAndDevelopment": "162888", "operatingExpenses": "9458767", "investmentIncomeNet": "None", "netInterestIncome": "2920677", "interestIncome": "2957571", "interestExpense": "None", "nonInterestIncome": "None", "otherNonOperatingIncome": "None", "depreciation": "None", "depreciationAndAmortization": "1499980", "incomeBeforeTax": "-3595361", "incomeTaxExpense": "1332085", "interestAndDebtExpense": "None", "netIncomeFromContinuingOperations": "-4251265", "comprehensiveIncomeNetOfTax": "None", "ebit": "-6599616", "ebitda": "-5099636", "netIncome": "-3435461"}, {"fiscalDateEnding": "2022-12-31", "reportedCurrency": "USD", "grossProfit": "1248297", "totalRevenue": "6352470", "costOfRevenue": "5104173", "costofGoodsAndServicesSold": "5104173", "operatingIncome": "-11534285", "sellingGeneralAndAdministrative": "10482421", "researchAndDevelopment": "0", "operatingExpenses": "12782582", "investmentIncomeNet": "None", "netInterestIncome": "789302", "interestIncome": "789302", "interestExpense": "789302000", "nonInterestIncome": "None", "otherNonOperatingIncome": "942311", "depreciation": "None", "depreciationAndAmortization": "2065348", "incomeBeforeTax": "-10823885", "incomeTaxExpense": "-478489", "interestAndDebtExpense": "None", "netIncomeFromContinuingOperations": "-10823885", "comprehensiveIncomeNetOfTax": "None", "ebit": "-10823884", "ebitda": "-8758536", "netIncome": "-10823885"}, {"fiscalDateEnding": "2021-12-31", "reportedCurrency": "USD", "grossProfit": "880790", "totalRevenue": "4956040", "costOfRevenue": "4075250", "costofGoodsAndServicesSold": "4075250", "operatingIncome": "-15772485", "sellingGeneralAndAdministrative": "12850567", "researchAndDevelopment": "None", "operatingExpenses": "16653275", "investmentIncomeNet": "None", "netInterestIncome": "-268752", "interestIncome": "None", "interestExpense": "268752", "nonInterestIncome": "None", "otherNonOperatingIncome": "None", "depreciation": "None", "depreciationAndAmortization": "3305895", "incomeBeforeTax": "-15059845", "incomeTaxExpense": "-77587907", "interestAndDebtExpense": "None", "netIncomeFromContinuingOperations": "-15059845", "comprehensiveIncomeNetOfTax": "None", "ebit": "-15772485", "ebitda": "-12466590", "netIncome": "62865731"}, {"fiscalDateEnding": "2020-12-31", "reportedCurrency": "USD", "grossProfit": "347901", "totalRevenue": "3210805", "costOfRevenue": "2862904", "costofGoodsAndServicesSold": "2862904", "operatingIncome": "-20714731", "sellingGeneralAndAdministrative": "17006558", "researchAndDevelopment": "None", "operatingExpenses": "21062632", "investmentIncomeNet": "None", "netInterestIncome": "-5548583", "interestIncome": "None", "interestExpense": "5548583", "nonInterestIncome": "None", "otherNonOperatingIncome": "-8509777", "depreciation": "None", "depreciationAndAmortization": "3609480", "incomeBeforeTax": "-45784338", "incomeTaxExpense": "-971382", "interestAndDebtExpense": "None", "netIncomeFromContinuingOperations": "-45784338", "comprehensiveIncomeNetOfTax": "None", "ebit": "-40235750", "ebitda": "-36626270", "netIncome": "-45058830"}, {"fiscalDateEnding": "2019-12-31", "reportedCurrency": "USD", "grossProfit": "14946942", "totalRevenue": "26071995", "costOfRevenue": "11125053", "costofGoodsAndServicesSold": "11125053", "operatingIncome": "-14614747", "sellingGeneralAndAdministrative": "18530000", "researchAndDevelopment": "None", "operatingExpenses": "29561689", "investmentIncomeNet": "None", "netInterestIncome": "-1197127", "interestIncome": "1212070", "interestExpense": "1081401", "nonInterestIncome": "None", "otherNonOperatingIncome": "None", "depreciation": "None", "depreciationAndAmortization": "3548810", "incomeBeforeTax": "-16738729", "incomeTaxExpense": "-1215553", "interestAndDebtExpense": "None", "netIncomeFromContinuingOperations": "-16738729", "comprehensiveIncomeNetOfTax": "None", "ebit": "-14373922", "ebitda": "-10825112", "netIncome": "-16738729"}, {"fiscalDateEnding": "2018-12-31", "reportedCurrency": "USD", "grossProfit": "4577555", "totalRevenue": "20603255", "costOfRevenue": "16025700", "costofGoodsAndServicesSold": "16025700", "operatingIncome": "-823779", "sellingGeneralAndAdministrative": "823779", "researchAndDevelopment": "0", "operatingExpenses": "823779", "investmentIncomeNet": "None", "netInterestIncome": "2474344", "interestIncome": "2474344", "interestExpense": "2474344", "nonInterestIncome": "None", "otherNonOperatingIncome": "0", "depreciation": "None", "depreciationAndAmortization": "6711398", "incomeBeforeTax": "1717072", "incomeTaxExpense": "575873", "interestAndDebtExpense": "None", "netIncomeFromContinuingOperations": "1141199", "comprehensiveIncomeNetOfTax": "None", "ebit": "-18142013", "ebitda": "-11430615", "netIncome": "-30616098"}, {"fiscalDateEnding": "2017-12-31", "reportedCurrency": "USD", "grossProfit": "1360528", "totalRevenue": "13673006", "costOfRevenue": "12312478", "costofGoodsAndServicesSold": "12312478", "operatingIncome": "-130160", "sellingGeneralAndAdministrative": "9941221", "researchAndDevelopment": "0", "operatingExpenses": "130159", "investmentIncomeNet": "None", "netInterestIncome": "None", "interestIncome": "None", "interestExpense": "0", "nonInterestIncome": "None", "otherNonOperatingIncome": "0", "depreciation": "None", "depreciationAndAmortization": "4206943", "incomeBeforeTax": "160194", "incomeTaxExpense": "67044", "interestAndDebtExpense": "None", "netIncomeFromContinuingOperations": "-18087231", "comprehensiveIncomeNetOfTax": "None", "ebit": "-4046749", "ebitda": "160194", "netIncome": "93150"}, {"fiscalDateEnding": "2016-12-31", "reportedCurrency": "USD", "grossProfit": "5482752", "totalRevenue": "19860683", "costOfRevenue": "14377931", "costofGoodsAndServicesSold": "14377931", "operatingIncome": "-9329911", "sellingGeneralAndAdministrative": "7561364", "researchAndDevelopment": "0", "operatingExpenses": "14812663", "investmentIncomeNet": "None", "netInterestIncome": "None", "interestIncome": "None", "interestExpense": "0", "nonInterestIncome": "None", "otherNonOperatingIncome": "0", "depreciation": "None", "depreciationAndAmortization": "4809443", "incomeBeforeTax": "-9330056", "incomeTaxExpense": "0", "interestAndDebtExpense": "None", "netIncomeFromContinuingOperations": "-9330056", "comprehensiveIncomeNetOfTax": "None", "ebit": "-9329911", "ebitda": "-4520468", "netIncome": "-9330056"}], "quarterlyReports": [{"fiscalDateEnding": "2025-09-30", "reportedCurrency": "USD", "grossProfit": "500399", "totalRevenue": "1846912000", "costOfRevenue": "1346513", "costofGoodsAndServicesSold": "1346513", "operatingIncome": "-7334418000", "sellingGeneralAndAdministrative": "7176192000", "researchAndDevelopment": "174774000", "operatingExpenses": "7429955000", "investmentIncomeNet": "None", "netInterestIncome": "1363810", "interestIncome": "1363810", "interestExpense": "None", "nonInterestIncome": "None", "otherNonOperatingIncome": "None", "depreciation": "None", "depreciationAndAmortization": "613711000", "incomeBeforeTax": "-5361229000", "incomeTaxExpense": "None", "interestAndDebtExpense": "None", "netIncomeFromContinuingOperations": "-5398984", "comprehensiveIncomeNetOfTax": "None", "ebit": "-7334418000", "ebitda": "-6720707000", "netIncome": "-5361229000"}, {"fiscalDateEnding": "2025-06-30", "reportedCurrency": "USD", "grossProfit": "565384", "totalRevenue": "1919483", "costOfRevenue": "1354099", "costofGoodsAndServicesSold": "1354099", "operatingIncome": "-6091978", "sellingGeneralAndAdministrative": "6019072", "researchAndDevelopment": "166907", "operatingExpenses": "6657362", "investmentIncomeNet": "None", "netInterestIncome": "1015094", "interestIncome": "1015094", "interestExpense": "None", "nonInterestIncome": "None", "otherNonOperatingIncome": "None", "depreciation": "None", "depreciationAndAmortization": "397447", "incomeBeforeTax": "-4833967", "incomeTaxExpense": "None", "interestAndDebtExpense": "None", "netIncomeFromContinuingOperations": "-4833967", "comprehensiveIncomeNetOfTax": "None", "ebit": "-6091978", "ebitda": "-5694531", "netIncome": "-4811134"}, {"fiscalDateEnding": "2025-03-31", "reportedCurrency": "USD", "grossProfit": "832391", "totalRevenue": "2275135", "costOfRevenue": "1442744", "costofGoodsAndServicesSold": "1442744", "operatingIncome": "-5251623", "sellingGeneralAndAdministrative": "5480643", "researchAndDevelopment": "180946", "operatingExpenses": "6084014", "investmentIncomeNet": "None", "netInterestIncome": "864305", "interestIncome": "864305", "interestExpense": "None", "nonInterestIncome": "None", "otherNonOperatingIncome": "None", "depreciation": "None", "depreciationAndAmortization": "860554", "incomeBeforeTax": "-4899887", "incomeTaxExpense": "-92555", "interestAndDebtExpense": "None", "netIncomeFromContinuingOperations": "-4899887", "comprehensiveIncomeNetOfTax": "None", "ebit": "-5251623", "ebitda": "-4391069", "netIncome": "-4836484"}, {"fiscalDateEnding": "2024-12-31", "reportedCurrency": "USD", "grossProfit": "543898", "totalRevenue": "1897000", "costOfRevenue": "1353000", "costofGoodsAndServicesSold": "1353000", "operatingIncome": "-4234000", "sellingGeneralAndAdministrative": "3949000", "researchAndDevelopment": "338679", "operatingExpenses": "4377000", "investmentIncomeNet": "None", "netInterestIncome": "720951", "interestIncome": "720951", "interestExpense": "None", "nonInterestIncome": "None", "otherNonOperatingIncome": "None", "depreciation": "None", "depreciationAndAmortization": "401843", "incomeBeforeTax": "-12928000", "incomeTaxExpense": "-92555", "interestAndDebtExpense": "None", "netIncomeFromContinuingOperations": "-12834993", "comprehensiveIncomeNetOfTax": "None", "ebit": "-4234843", "ebitda": "-3833000", "netIncome": "-7227000"}, {"fiscalDateEnding": "2024-09-30", "reportedCurrency": "USD", "grossProfit": "779971", "totalRevenue": "2164000", "costOfRevenue": "1384000", "costofGoodsAndServicesSold": "1384000", "operatingIncome": "-1181000", "sellingGeneralAndAdministrative": "1308000", "researchAndDevelopment": "158162", "operatingExpenses": "1557020", "investmentIncomeNet": "None", "netInterestIncome": "1033362", "interestIncome": "1033362", "interestExpense": "None", "nonInterestIncome": "None", "otherNonOperatingIncome": "None", "depreciation": "None", "depreciationAndAmortization": "403524", "incomeBeforeTax": "-4361000", "incomeTaxExpense": "-333000", "interestAndDebtExpense": "None", "netIncomeFromContinuingOperations": "-4028622", "comprehensiveIncomeNetOfTax": "None", "ebit": "-1180524", "ebitda": "-777000", "netIncome": "-4028000"}, {"fiscalDateEnding": "2024-06-30", "reportedCurrency": "USD", "grossProfit": "576500", "totalRevenue": "2640000", "costOfRevenue": "2063000", "costofGoodsAndServicesSold": "2063000", "operatingIncome": "-5290000", "sellingGeneralAndAdministrative": "5236000", "researchAndDevelopment": "173533", "operatingExpenses": "5867000", "investmentIncomeNet": "None", "netInterestIncome": "1041468", "interestIncome": "1041468", "interestExpense": "None", "nonInterestIncome": "None", "otherNonOperatingIncome": "None", "depreciation": "None", "depreciationAndAmortization": "406437", "incomeBeforeTax": "-3883000", "incomeTaxExpense": "-79691", "interestAndDebtExpense": "None", "netIncomeFromContinuingOperations": "-3882951", "comprehensiveIncomeNetOfTax": "None", "ebit": "-5290437", "ebitda": "-4884000", "netIncome": "-3803000"}, {"fiscalDateEnding": "2024-03-31", "reportedCurrency": "USD", "grossProfit": "431201", "totalRevenue": "2379061", "costOfRevenue": "1947860", "costofGoodsAndServicesSold": "1947860", "operatingIncome": "-2675500", "sellingGeneralAndAdministrative": "2857800", "researchAndDevelopment": "195211", "operatingExpenses": "3106699", "investmentIncomeNet": "None", "netInterestIncome": "859205", "interestIncome": "859205", "interestExpense": "761142096", "nonInterestIncome": "None", "otherNonOperatingIncome": "None", "depreciation": "None", "depreciationAndAmortization": "374992", "incomeBeforeTax": "-1829451", "incomeTaxExpense": "-130343", "interestAndDebtExpense": "None", "netIncomeFromContinuingOperations": "-1829451", "comprehensiveIncomeNetOfTax": "None", "ebit": "-2675498", "ebitda": "-2300506", "netIncome": "-1699110"}, {"fiscalDateEnding": "2023-12-31", "reportedCurrency": "USD", "grossProfit": "216812", "totalRevenue": "2073553", "costOfRevenue": "1856741", "costofGoodsAndServicesSold": "1856741", "operatingIncome": "-1908440", "sellingGeneralAndAdministrative": "1908601", "researchAndDevelopment": "162888", "operatingExpenses": "2125247", "investmentIncomeNet": "None", "netInterestIncome": "792103", "interestIncome": "None", "interestExpense": "761142096", "nonInterestIncome": "None", "otherNonOperatingIncome": "None", "depreciation": "None", "depreciationAndAmortization": "469789", "incomeBeforeTax": "-1085602", "incomeTaxExpense": "1", "interestAndDebtExpense": "None", "netIncomeFromContinuingOperations": "-1085602", "comprehensiveIncomeNetOfTax": "None", "ebit": "-1908435", "ebitda": "-1438646", "netIncome": "-1085602"}, {"fiscalDateEnding": "2023-09-30", "reportedCurrency": "USD", "grossProfit": "305370", "totalRevenue": "1119959", "costOfRevenue": "814589", "costofGoodsAndServicesSold": "814589", "operatingIncome": "-640260", "sellingGeneralAndAdministrative": "894181", "researchAndDevelopment": "0", "operatingExpenses": "945629", "investmentIncomeNet": "None", "netInterestIncome": "715893", "interestIncome": "715893", "interestExpense": "None", "nonInterestIncome": "None", "otherNonOperatingIncome": "None", "depreciation": "None", "depreciationAndAmortization": "239413", "incomeBeforeTax": "75246", "incomeTaxExpense": "-3", "interestAndDebtExpense": "None", "netIncomeFromContinuingOperations": "75246", "comprehensiveIncomeNetOfTax": "None", "ebit": "-640259", "ebitda": "-400846", "netIncome": "75246"}, {"fiscalDateEnding": "2023-06-30", "reportedCurrency": "USD", "grossProfit": "1106953", "totalRevenue": "3268095", "costOfRevenue": "2161142", "costofGoodsAndServicesSold": "2161142", "operatingIncome": "-1395231", "sellingGeneralAndAdministrative": "2223025", "researchAndDevelopment": "0", "operatingExpenses": "2502184", "investmentIncomeNet": "None", "netInterestIncome": "715126", "interestIncome": "715126", "interestExpense": "None", "nonInterestIncome": "None", "otherNonOperatingIncome": "None", "depreciation": "None", "depreciationAndAmortization": "212218", "incomeBeforeTax": "-691218", "incomeTaxExpense": "-715126", "interestAndDebtExpense": "None", "netIncomeFromContinuingOperations": "-691218", "comprehensiveIncomeNetOfTax": "None", "ebit": "-1395231", "ebitda": "-1183013", "netIncome": "-691218"}, {"fiscalDateEnding": "2023-03-31", "reportedCurrency": "USD", "grossProfit": "520814", "totalRevenue": "1193431", "costOfRevenue": "672617", "costofGoodsAndServicesSold": "672617", "operatingIncome": "-2655691", "sellingGeneralAndAdministrative": "2543347", "researchAndDevelopment": "0", "operatingExpenses": "3176505", "investmentIncomeNet": "None", "netInterestIncome": "734449", "interestIncome": "734449", "interestExpense": "789267907", "nonInterestIncome": "None", "otherNonOperatingIncome": "None", "depreciation": "None", "depreciationAndAmortization": "578560", "incomeBeforeTax": "-1893787", "incomeTaxExpense": "-954077", "interestAndDebtExpense": "None", "netIncomeFromContinuingOperations": "-1893787", "comprehensiveIncomeNetOfTax": "None", "ebit": "-2655691", "ebitda": "-2077131", "netIncome": "-1893787"}, {"fiscalDateEnding": "2022-12-31", "reportedCurrency": "USD", "grossProfit": "210586", "totalRevenue": "1216940", "costOfRevenue": "1006354", "costofGoodsAndServicesSold": "1006354", "operatingIncome": "-2628083", "sellingGeneralAndAdministrative": "2012228", "researchAndDevelopment": "None", "operatingExpenses": "2838669", "investmentIncomeNet": "None", "netInterestIncome": "755209", "interestIncome": "755209", "interestExpense": "789267907", "nonInterestIncome": "None", "otherNonOperatingIncome": "None", "depreciation": "None", "depreciationAndAmortization": "777242", "incomeBeforeTax": "-1674006", "incomeTaxExpense": "-954077", "interestAndDebtExpense": "None", "netIncomeFromContinuingOperations": "-1674006", "comprehensiveIncomeNetOfTax": "None", "ebit": "-2628083", "ebitda": "-1850841", "netIncome": "-719929"}, {"fiscalDateEnding": "2022-09-30", "reportedCurrency": "USD", "grossProfit": "421987", "totalRevenue": "1565642", "costOfRevenue": "1143655", "costofGoodsAndServicesSold": "1143655", "operatingIncome": "-1701620", "sellingGeneralAndAdministrative": "2397901", "researchAndDevelopment": "None", "operatingExpenses": "2123607", "investmentIncomeNet": "None", "netInterestIncome": "25316", "interestIncome": "25316", "interestExpense": "25316", "nonInterestIncome": "None", "otherNonOperatingIncome": "None", "depreciation": "None", "depreciationAndAmortization": "-328739", "incomeBeforeTax": "-1642231", "incomeTaxExpense": "-1203044", "interestAndDebtExpense": "None", "netIncomeFromContinuingOperations": "-1642231", "comprehensiveIncomeNetOfTax": "None", "ebit": "-1701620", "ebitda": "-2030359", "netIncome": "-1642231"}, {"fiscalDateEnding": "2022-06-30", "reportedCurrency": "USD", "grossProfit": "35156", "totalRevenue": "1157834", "costOfRevenue": "1122678", "costofGoodsAndServicesSold": "1122678", "operatingIncome": "-3455630", "sellingGeneralAndAdministrative": "2620422", "researchAndDevelopment": "None", "operatingExpenses": "3490786", "investmentIncomeNet": "None", "netInterestIncome": "4315", "interestIncome": "None", "interestExpense": "4315", "nonInterestIncome": "None", "otherNonOperatingIncome": "None", "depreciation": "None", "depreciationAndAmortization": "808233", "incomeBeforeTax": "-3688951", "incomeTaxExpense": "233321", "interestAndDebtExpense": "None", "netIncomeFromContinuingOperations": "-3688951", "comprehensiveIncomeNetOfTax": "None", "ebit": "-3494960", "ebitda": "-2686727", "netIncome": "-3688951"}, {"fiscalDateEnding": "2022-03-31", "reportedCurrency": "USD", "grossProfit": "580568", "totalRevenue": "2412054", "costOfRevenue": "1831486", "costofGoodsAndServicesSold": "1831486", "operatingIncome": "-3748952", "sellingGeneralAndAdministrative": "3451870", "researchAndDevelopment": "None", "operatingExpenses": "4329520", "investmentIncomeNet": "None", "netInterestIncome": "4462", "interestIncome": "None", "interestExpense": "4462", "nonInterestIncome": "None", "otherNonOperatingIncome": "None", "depreciation": "None", "depreciationAndAmortization": "808612", "incomeBeforeTax": "-3751197", "incomeTaxExpense": "-659", "interestAndDebtExpense": "None", "netIncomeFromContinuingOperations": "-3751197", "comprehensiveIncomeNetOfTax": "None", "ebit": "-3748952", "ebitda": "-2940340", "netIncome": "-3753442"}, {"fiscalDateEnding": "2021-12-31", "reportedCurrency": "USD", "grossProfit": "526333", "totalRevenue": "1944575", "costOfRevenue": "1418242", "costofGoodsAndServicesSold": "1418242", "operatingIncome": "-3755150", "sellingGeneralAndAdministrative": "3403140", "researchAndDevelopment": "None", "operatingExpenses": "5699725", "investmentIncomeNet": "None", "netInterestIncome": "659", "interestIncome": "659", "interestExpense": "659", "nonInterestIncome": "None", "otherNonOperatingIncome": "None", "depreciation": "None", "depreciationAndAmortization": "None", "incomeBeforeTax": "-3754987", "incomeTaxExpense": "None", "interestAndDebtExpense": "None", "netIncomeFromContinuingOperations": "-3754987", "comprehensiveIncomeNetOfTax": "None", "ebit": "-4155150", "ebitda": "-2945690", "netIncome": "-5160107"}, {"fiscalDateEnding": "2021-09-30", "reportedCurrency": "USD", "grossProfit": "348815", "totalRevenue": "1685828", "costOfRevenue": "1337013", "costofGoodsAndServicesSold": "1337013", "operatingIncome": "-3930495", "sellingGeneralAndAdministrative": "3347956", "researchAndDevelopment": "None", "operatingExpenses": "4279310", "investmentIncomeNet": "None", "netInterestIncome": "-11809", "interestIncome": "None", "interestExpense": "11809", "nonInterestIncome": "None", "otherNonOperatingIncome": "None", "depreciation": "None", "depreciationAndAmortization": "806137", "incomeBeforeTax": "-2975395", "incomeTaxExpense": "-77211746", "interestAndDebtExpense": "None", "netIncomeFromContinuingOperations": "-2975395", "comprehensiveIncomeNetOfTax": "None", "ebit": "-3930495", "ebitda": "-3124358", "netIncome": "74302594"}, {"fiscalDateEnding": "2021-06-30", "reportedCurrency": "USD", "grossProfit": "42481", "totalRevenue": "824609", "costOfRevenue": "782128", "costofGoodsAndServicesSold": "782128", "operatingIncome": "-4188832", "sellingGeneralAndAdministrative": "3282503", "researchAndDevelopment": "None", "operatingExpenses": "4231313", "investmentIncomeNet": "None", "netInterestIncome": "-104496", "interestIncome": "None", "interestExpense": "104496", "nonInterestIncome": "None", "otherNonOperatingIncome": "-40163", "depreciation": "None", "depreciationAndAmortization": "807843", "incomeBeforeTax": "-4333491", "incomeTaxExpense": "-1245820", "interestAndDebtExpense": "None", "netIncomeFromContinuingOperations": "-4333491", "comprehensiveIncomeNetOfTax": "None", "ebit": "-4188832", "ebitda": "-3380989", "netIncome": "-2940080"}, {"fiscalDateEnding": "2021-03-31", "reportedCurrency": "USD", "grossProfit": "-36839", "totalRevenue": "501028", "costOfRevenue": "537867", "costofGoodsAndServicesSold": "537867", "operatingIncome": "-4875754", "sellingGeneralAndAdministrative": "3872703", "researchAndDevelopment": "None", "operatingExpenses": "4838915", "investmentIncomeNet": "None", "netInterestIncome": "-153106", "interestIncome": "None", "interestExpense": "153106", "nonInterestIncome": "None", "otherNonOperatingIncome": "55142", "depreciation": "None", "depreciationAndAmortization": "881959", "incomeBeforeTax": "-4973718", "incomeTaxExpense": "2959720", "interestAndDebtExpense": "None", "netIncomeFromContinuingOperations": "-4973718", "comprehensiveIncomeNetOfTax": "None", "ebit": "-4875754", "ebitda": "-3993795", "netIncome": "-3336676"}, {"fiscalDateEnding": "2020-12-31", "reportedCurrency": "USD", "grossProfit": "9096317", "totalRevenue": "-13304837", "costOfRevenue": "4208520", "costofGoodsAndServicesSold": "4208520", "operatingIncome": "-5663432", "sellingGeneralAndAdministrative": "71545", "researchAndDevelopment": "None", "operatingExpenses": "-3432885", "investmentIncomeNet": "None", "netInterestIncome": "-2512527", "interestIncome": "None", "interestExpense": "2512527", "nonInterestIncome": "None", "otherNonOperatingIncome": "None", "depreciation": "None", "depreciationAndAmortization": "-2309284", "incomeBeforeTax": "-20301204", "incomeTaxExpense": "0", "interestAndDebtExpense": "None", "netIncomeFromContinuingOperations": "-19578263", "comprehensiveIncomeNetOfTax": "None", "ebit": "-5663432", "ebitda": "-7972716", "netIncome": "-18852755"}, {"fiscalDateEnding": "2020-09-30", "reportedCurrency": "USD", "grossProfit": "3069740", "totalRevenue": "5888302", "costOfRevenue": "2818562", "costofGoodsAndServicesSold": "2818562", "operatingIncome": "-3321926", "sellingGeneralAndAdministrative": "4155927", "researchAndDevelopment": "None", "operatingExpenses": "6391666", "investmentIncomeNet": "None", "netInterestIncome": "-1490210", "interestIncome": "None", "interestExpense": "1490210", "nonInterestIncome": "None", "otherNonOperatingIncome": "None", "depreciation": "None", "depreciationAndAmortization": "905580", "incomeBeforeTax": "-6548877", "incomeTaxExpense": "1487237", "interestAndDebtExpense": "None", "netIncomeFromContinuingOperations": "-6548877", "comprehensiveIncomeNetOfTax": "None", "ebit": "-3814757", "ebitda": "-2909177", "netIncome": "-6548877"}, {"fiscalDateEnding": "2020-06-30", "reportedCurrency": "USD", "grossProfit": "2770742", "totalRevenue": "4582287", "costOfRevenue": "1811545", "costofGoodsAndServicesSold": "1811545", "operatingIncome": "-4773934", "sellingGeneralAndAdministrative": "4006518", "researchAndDevelopment": "None", "operatingExpenses": "6406045", "investmentIncomeNet": "None", "netInterestIncome": "-862906", "interestIncome": "None", "interestExpense": "862906", "nonInterestIncome": "None", "otherNonOperatingIncome": "None", "depreciation": "None", "depreciationAndAmortization": "910330", "incomeBeforeTax": "-10880729", "incomeTaxExpense": "-4380983", "interestAndDebtExpense": "None", "netIncomeFromContinuingOperations": "-10880729", "comprehensiveIncomeNetOfTax": "None", "ebit": "-9160323", "ebitda": "-8249993", "netIncome": "-10880729"}, {"fiscalDateEnding": "2020-03-31", "reportedCurrency": "USD", "grossProfit": "3603736", "totalRevenue": "6045053", "costOfRevenue": "2441317", "costofGoodsAndServicesSold": "2441317", "operatingIncome": "-8094070", "sellingGeneralAndAdministrative": "8915658", "researchAndDevelopment": "None", "operatingExpenses": "11697806", "investmentIncomeNet": "None", "netInterestIncome": "-682940", "interestIncome": "682940", "interestExpense": "682940", "nonInterestIncome": "None", "otherNonOperatingIncome": "None", "depreciation": "None", "depreciationAndAmortization": "899097", "incomeBeforeTax": "-8776469", "incomeTaxExpense": "683481", "interestAndDebtExpense": "None", "netIncomeFromContinuingOperations": "-8776469", "comprehensiveIncomeNetOfTax": "None", "ebit": "-8366116", "ebitda": "-7467019", "netIncome": "-8776469"}, {"fiscalDateEnding": "2019-12-31", "reportedCurrency": "USD", "grossProfit": "3117066", "totalRevenue": "6457060", "costOfRevenue": "3339994", "costofGoodsAndServicesSold": "3339994", "operatingIncome": "-5128936", "sellingGeneralAndAdministrative": "5151834", "researchAndDevelopment": "None", "operatingExpenses": "7915662", "investmentIncomeNet": "None", "netInterestIncome": "-678684", "interestIncome": "693620", "interestExpense": "678684", "nonInterestIncome": "None", "otherNonOperatingIncome": "None", "depreciation": "None", "depreciationAndAmortization": "1633794", "incomeBeforeTax": "-5819819", "incomeTaxExpense": "681426", "interestAndDebtExpense": "None", "netIncomeFromContinuingOperations": "-5819819", "comprehensiveIncomeNetOfTax": "None", "ebit": "-5141136", "ebitda": "-3507342", "netIncome": "-5819819"}, {"fiscalDateEnding": "2019-09-30", "reportedCurrency": "USD", "grossProfit": "3488785", "totalRevenue": "6041541", "costOfRevenue": "2552756", "costofGoodsAndServicesSold": "2552756", "operatingIncome": "-3817603", "sellingGeneralAndAdministrative": "4711692", "researchAndDevelopment": "None", "operatingExpenses": "7306388", "investmentIncomeNet": "None", "netInterestIncome": "-451553", "interestIncome": "451550", "interestExpense": "451553", "nonInterestIncome": "None", "otherNonOperatingIncome": "None", "depreciation": "None", "depreciationAndAmortization": "1716103", "incomeBeforeTax": "-4253472", "incomeTaxExpense": "467237", "interestAndDebtExpense": "None", "netIncomeFromContinuingOperations": "-4253472", "comprehensiveIncomeNetOfTax": "None", "ebit": "-3801923", "ebitda": "-2085820", "netIncome": "-4253472"}, {"fiscalDateEnding": "2019-06-30", "reportedCurrency": "USD", "grossProfit": "4589644", "totalRevenue": "7338346", "costOfRevenue": "2748702", "costofGoodsAndServicesSold": "2748702", "operatingIncome": "-279455", "sellingGeneralAndAdministrative": "279455", "researchAndDevelopment": "0", "operatingExpenses": "279455", "investmentIncomeNet": "None", "netInterestIncome": "824290", "interestIncome": "824290", "interestExpense": "824290", "nonInterestIncome": "None", "otherNonOperatingIncome": "0", "depreciation": "None", "depreciationAndAmortization": "1731662", "incomeBeforeTax": "538580", "incomeTaxExpense": "199876", "interestAndDebtExpense": "None", "netIncomeFromContinuingOperations": "338704", "comprehensiveIncomeNetOfTax": "None", "ebit": "538580", "ebitda": "2270242", "netIncome": "338704"}, {"fiscalDateEnding": "2019-03-31", "reportedCurrency": "USD", "grossProfit": "3714351", "totalRevenue": "6235048", "costOfRevenue": "2520697", "costofGoodsAndServicesSold": "2520697", "operatingIncome": "297078", "sellingGeneralAndAdministrative": "297078", "researchAndDevelopment": "0", "operatingExpenses": "297078", "investmentIncomeNet": "None", "netInterestIncome": "811335", "interestIncome": "811335", "interestExpense": "811335", "nonInterestIncome": "None", "otherNonOperatingIncome": "0", "depreciation": "None", "depreciationAndAmortization": "1686182", "incomeBeforeTax": "518990", "incomeTaxExpense": "186579", "interestAndDebtExpense": "None", "netIncomeFromContinuingOperations": "332411", "comprehensiveIncomeNetOfTax": "None", "ebit": "-297078", "ebitda": "1389104", "netIncome": "332411"}, {"fiscalDateEnding": "2018-12-31", "reportedCurrency": "USD", "grossProfit": "4681054", "totalRevenue": "5403959", "costOfRevenue": "722905", "costofGoodsAndServicesSold": "722905", "operatingIncome": "-423153", "sellingGeneralAndAdministrative": "423153", "researchAndDevelopment": "0", "operatingExpenses": "423153", "investmentIncomeNet": "None", "netInterestIncome": "None", "interestIncome": "None", "interestExpense": "752095", "nonInterestIncome": "None", "otherNonOperatingIncome": "0", "depreciation": "None", "depreciationAndAmortization": "-889", "incomeBeforeTax": "329831", "incomeTaxExpense": "177121", "interestAndDebtExpense": "None", "netIncomeFromContinuingOperations": "-6642743", "comprehensiveIncomeNetOfTax": "None", "ebit": "-422264", "ebitda": "-423153", "netIncome": "152710"}, {"fiscalDateEnding": "2018-09-30", "reportedCurrency": "USD", "grossProfit": "2902099", "totalRevenue": "5480241", "costOfRevenue": "2578142", "costofGoodsAndServicesSold": "2578142", "operatingIncome": "-140870", "sellingGeneralAndAdministrative": "3871179", "researchAndDevelopment": "None", "operatingExpenses": "140870", "investmentIncomeNet": "None", "netInterestIncome": "None", "interestIncome": "None", "interestExpense": "676147", "nonInterestIncome": "None", "otherNonOperatingIncome": "None", "depreciation": "None", "depreciationAndAmortization": "-4898", "incomeBeforeTax": "540175", "incomeTaxExpense": "155526", "interestAndDebtExpense": "None", "netIncomeFromContinuingOperations": "None", "comprehensiveIncomeNetOfTax": "None", "ebit": "-135972", "ebitda": "-140870", "netIncome": "384649"}, {"fiscalDateEnding": "2018-06-30", "reportedCurrency": "USD", "grossProfit": "1420730", "totalRevenue": "4933082", "costOfRevenue": "3512352", "costofGoodsAndServicesSold": "3512352", "operatingIncome": "-113496", "sellingGeneralAndAdministrative": "113496", "researchAndDevelopment": "0", "operatingExpenses": "113496", "investmentIncomeNet": "None", "netInterestIncome": "None", "interestIncome": "None", "interestExpense": "628390", "nonInterestIncome": "None", "otherNonOperatingIncome": "0", "depreciation": "None", "depreciationAndAmortization": "-2806", "incomeBeforeTax": "517700", "incomeTaxExpense": "148559", "interestAndDebtExpense": "None", "netIncomeFromContinuingOperations": "-11300708", "comprehensiveIncomeNetOfTax": "None", "ebit": "-110690", "ebitda": "-113496", "netIncome": "369141"}, {"fiscalDateEnding": "2018-03-31", "reportedCurrency": "USD", "grossProfit": "1404890", "totalRevenue": "4785973", "costOfRevenue": "3381083", "costofGoodsAndServicesSold": "3381083", "operatingIncome": "-146260", "sellingGeneralAndAdministrative": "146260", "researchAndDevelopment": "0", "operatingExpenses": "146260", "investmentIncomeNet": "None", "netInterestIncome": "None", "interestIncome": "None", "interestExpense": "417712", "nonInterestIncome": "None", "otherNonOperatingIncome": "0", "depreciation": "None", "depreciationAndAmortization": "-57914", "incomeBeforeTax": "329366", "incomeTaxExpense": "94667", "interestAndDebtExpense": "None", "netIncomeFromContinuingOperations": "-4887548.98", "comprehensiveIncomeNetOfTax": "None", "ebit": "-146260", "ebitda": "-204174", "netIncome": "234699"}, {"fiscalDateEnding": "2017-12-31", "reportedCurrency": "USD", "grossProfit": "1631345", "totalRevenue": "3366350", "costOfRevenue": "1735005", "costofGoodsAndServicesSold": "1735005", "operatingIncome": "-4411858", "sellingGeneralAndAdministrative": "2973748", "researchAndDevelopment": "0", "operatingExpenses": "6108222", "investmentIncomeNet": "None", "netInterestIncome": "None", "interestIncome": "None", "interestExpense": "290000", "nonInterestIncome": "None", "otherNonOperatingIncome": "0", "depreciation": "None", "depreciationAndAmortization": "1080668", "incomeBeforeTax": "-4884623", "incomeTaxExpense": "70000", "interestAndDebtExpense": "None", "netIncomeFromContinuingOperations": "-3893681.15", "comprehensiveIncomeNetOfTax": "None", "ebit": "-4411858", "ebitda": "-3331190", "netIncome": "-4884623"}, {"fiscalDateEnding": "2017-09-30", "reportedCurrency": "USD", "grossProfit": "None", "totalRevenue": "None", "costOfRevenue": "None", "costofGoodsAndServicesSold": "None", "operatingIncome": "-625", "sellingGeneralAndAdministrative": "625", "researchAndDevelopment": "None", "operatingExpenses": "625", "investmentIncomeNet": "None", "netInterestIncome": "None", "interestIncome": "None", "interestExpense": "None", "nonInterestIncome": "None", "otherNonOperatingIncome": "None", "depreciation": "None", "depreciationAndAmortization": "None", "incomeBeforeTax": "-625", "incomeTaxExpense": "None", "interestAndDebtExpense": "None", "netIncomeFromContinuingOperations": "None", "comprehensiveIncomeNetOfTax": "None", "ebit": "-625", "ebitda": "-625", "netIncome": "-625"}]}