{"symbol": "COIN", "annualReports": [{"fiscalDateEnding": "2025-12-31", "reportedCurrency": "USD", "grossProfit": "5423106000", "totalRevenue": "6631764000", "costOfRevenue": "1208658000", "costofGoodsAndServicesSold": "1208658000", "operatingIncome": "906584000", "sellingGeneralAndAdministrative": "1619642000", "researchAndDevelopment": "1670605000", "operatingExpenses": "4516522000", "investmentIncomeNet": "None", "netInterestIncome": "-85413000", "interestIncome": "None", "interestExpense": "85413000", "nonInterestIncome": "None", "otherNonOperatingIncome": "None", "depreciation": "None", "depreciationAndAmortization": "188428000", "incomeBeforeTax": "1522065000", "incomeTaxExpense": "261738000", "interestAndDebtExpense": "None", "netIncomeFromContinuingOperations": "1260327000", "comprehensiveIncomeNetOfTax": "None", "ebit": "1607478000", "ebitda": "1795906000", "netIncome": "1260327000"}, {"fiscalDateEnding": "2024-12-31", "reportedCurrency": "USD", "grossProfit": "4906481000", "totalRevenue": "6564028000", "costOfRevenue": "1657547000", "costofGoodsAndServicesSold": "1657547000", "operatingIncome": "2307160000", "sellingGeneralAndAdministrative": "691471000", "researchAndDevelopment": "1468252000", "operatingExpenses": "2599321000", "investmentIncomeNet": "None", "netInterestIncome": "-80645000", "interestIncome": "None", "interestExpense": "80645000", "nonInterestIncome": "None", "otherNonOperatingIncome": "None", "depreciation": "None", "depreciationAndAmortization": "127518000", "incomeBeforeTax": "2942644000", "incomeTaxExpense": "363578000", "interestAndDebtExpense": "None", "netIncomeFromContinuingOperations": "2579066000", "comprehensiveIncomeNetOfTax": "None", "ebit": "3023289000", "ebitda": "3150807000", "netIncome": "2579066000"}, {"fiscalDateEnding": "2023-12-31", "reportedCurrency": "USD", "grossProfit": "2687678000", "totalRevenue": "3108383000", "costOfRevenue": "420705000", "costofGoodsAndServicesSold": "420705000", "operatingIncome": "-113207000", "sellingGeneralAndAdministrative": "1185070000", "researchAndDevelopment": "1324541000", "operatingExpenses": "2800885000", "investmentIncomeNet": "None", "netInterestIncome": "-82766000", "interestIncome": "None", "interestExpense": "82766000", "nonInterestIncome": "None", "otherNonOperatingIncome": "None", "depreciation": "None", "depreciationAndAmortization": "3221590000", "incomeBeforeTax": "-76845000", "incomeTaxExpense": "-171716000", "interestAndDebtExpense": "None", "netIncomeFromContinuingOperations": "94871000", "comprehensiveIncomeNetOfTax": "None", "ebit": "-113207000", "ebitda": "3108383000", "netIncome": "94871000"}, {"fiscalDateEnding": "2022-12-31", "reportedCurrency": "USD", "grossProfit": "2564328000", "totalRevenue": "3194208000", "costOfRevenue": "629880000", "costofGoodsAndServicesSold": "629880000", "operatingIncome": "-2669505000", "sellingGeneralAndAdministrative": "1600586000", "researchAndDevelopment": "2326354000", "operatingExpenses": "5233833000", "investmentIncomeNet": "None", "netInterestIncome": "-88901000", "interestIncome": "None", "interestExpense": "88901000", "nonInterestIncome": "None", "otherNonOperatingIncome": "-265473000", "depreciation": "None", "depreciationAndAmortization": "5143255000", "incomeBeforeTax": "-3064582000", "incomeTaxExpense": "-439633000", "interestAndDebtExpense": "None", "netIncomeFromContinuingOperations": "-2624949000", "comprehensiveIncomeNetOfTax": "None", "ebit": "-2669505000", "ebitda": "2473750000", "netIncome": "-2624949000"}, {"fiscalDateEnding": "2021-12-31", "reportedCurrency": "USD", "grossProfit": "6571520000", "totalRevenue": "7839444000", "costOfRevenue": "1267924000", "costofGoodsAndServicesSold": "1267924000", "operatingIncome": "3076570000", "sellingGeneralAndAdministrative": "909392000", "researchAndDevelopment": "1291561000", "operatingExpenses": "3494950000", "investmentIncomeNet": "None", "netInterestIncome": "-29160000", "interestIncome": "None", "interestExpense": "29160000", "nonInterestIncome": "None", "otherNonOperatingIncome": "-49623000", "depreciation": "None", "depreciationAndAmortization": "4762874000", "incomeBeforeTax": "3026947000", "incomeTaxExpense": "-597173000", "interestAndDebtExpense": "None", "netIncomeFromContinuingOperations": "3624120000", "comprehensiveIncomeNetOfTax": "None", "ebit": "3076570000", "ebitda": "7839444000", "netIncome": "3624120000"}, {"fiscalDateEnding": "2020-12-31", "reportedCurrency": "USD", "grossProfit": "1141967000", "totalRevenue": "1277481000", "costOfRevenue": "135514000", "costofGoodsAndServicesSold": "135514000", "operatingIncome": "408951000", "sellingGeneralAndAdministrative": "279880000", "researchAndDevelopment": "271732000", "operatingExpenses": "733016000", "investmentIncomeNet": "None", "netInterestIncome": "None", "interestIncome": "None", "interestExpense": "248000", "nonInterestIncome": "None", "otherNonOperatingIncome": "None", "depreciation": "None", "depreciationAndAmortization": "868530000", "incomeBeforeTax": "409199000", "incomeTaxExpense": "86882000", "interestAndDebtExpense": "None", "netIncomeFromContinuingOperations": "322317000", "comprehensiveIncomeNetOfTax": "None", "ebit": "408951000", "ebitda": "1277481000", "netIncome": "322317000"}, {"fiscalDateEnding": "2019-12-31", "reportedCurrency": "USD", "grossProfit": "451680000", "totalRevenue": "533735000", "costOfRevenue": "82055000", "costofGoodsAndServicesSold": "82055000", "operatingIncome": "-35643000", "sellingGeneralAndAdministrative": "231929000", "researchAndDevelopment": "185044000", "operatingExpenses": "487323000", "investmentIncomeNet": "None", "netInterestIncome": "None", "interestIncome": "None", "interestExpense": "19913000", "nonInterestIncome": "None", "otherNonOperatingIncome": "None", "depreciation": "None", "depreciationAndAmortization": "569378000", "incomeBeforeTax": "-45416000", "incomeTaxExpense": "-15029000", "interestAndDebtExpense": "None", "netIncomeFromContinuingOperations": "-30387000", "comprehensiveIncomeNetOfTax": "None", "ebit": "-35643000", "ebitda": "533735000", "netIncome": "-30387000"}], "quarterlyReports": [{"fiscalDateEnding": "2025-12-31", "reportedCurrency": "USD", "grossProfit": "742444999", "totalRevenue": "1032185999", "costOfRevenue": "289741000", "costofGoodsAndServicesSold": "289741000", "operatingIncome": "-444409000", "sellingGeneralAndAdministrative": "453143000", "researchAndDevelopment": "497330000", "operatingExpenses": "1186854000", "investmentIncomeNet": "None", "netInterestIncome": "-22593000", "interestIncome": "None", "interestExpense": "22593000", "nonInterestIncome": "None", "otherNonOperatingIncome": "None", "depreciation": "None", "depreciationAndAmortization": "71116000", "incomeBeforeTax": "-886307000", "incomeTaxExpense": "-219574000", "interestAndDebtExpense": "None", "netIncomeFromContinuingOperations": "-666733000", "comprehensiveIncomeNetOfTax": "None", "ebit": "-863714000", "ebitda": "-792598000", "netIncome": "-666733000"}, {"fiscalDateEnding": "2025-09-30", "reportedCurrency": "USD", "grossProfit": "1615375000", "totalRevenue": "1868693000", "costOfRevenue": "253318000", "costofGoodsAndServicesSold": "253318000", "operatingIncome": "480532000", "sellingGeneralAndAdministrative": "418446000", "researchAndDevelopment": "430585000", "operatingExpenses": "1134843000", "investmentIncomeNet": "None", "netInterestIncome": "-21774000", "interestIncome": "None", "interestExpense": "21774000", "nonInterestIncome": "None", "otherNonOperatingIncome": "None", "depreciation": "None", "depreciationAndAmortization": "50078000", "incomeBeforeTax": "502143000", "incomeTaxExpense": "69591000", "interestAndDebtExpense": "None", "netIncomeFromContinuingOperations": "432552000", "comprehensiveIncomeNetOfTax": "None", "ebit": "504185000", "ebitda": "554263000", "netIncome": "432552000"}, {"fiscalDateEnding": "2025-06-30", "reportedCurrency": "USD", "grossProfit": "1070989000", "totalRevenue": "1497208000", "costOfRevenue": "426219000", "costofGoodsAndServicesSold": "426219000", "operatingIncome": "-24650000", "sellingGeneralAndAdministrative": "205068000", "researchAndDevelopment": "387322000", "operatingExpenses": "1095639000", "investmentIncomeNet": "None", "netInterestIncome": "-20535000", "interestIncome": "None", "interestExpense": "20535000", "nonInterestIncome": "None", "otherNonOperatingIncome": "None", "depreciation": "None", "depreciationAndAmortization": "33901000", "incomeBeforeTax": "1823773000", "incomeTaxExpense": "394873000", "interestAndDebtExpense": "None", "netIncomeFromContinuingOperations": "1428900000", "comprehensiveIncomeNetOfTax": "None", "ebit": "1844308000", "ebitda": "1878209000", "netIncome": "1428900000"}, {"fiscalDateEnding": "2025-03-31", "reportedCurrency": "USD", "grossProfit": "1531654000", "totalRevenue": "2034295000", "costOfRevenue": "502641000", "costofGoodsAndServicesSold": "502641000", "operatingIncome": "705806000", "sellingGeneralAndAdministrative": "228187000", "researchAndDevelopment": "355368000", "operatingExpenses": "825848000", "investmentIncomeNet": "None", "netInterestIncome": "-20511000", "interestIncome": "None", "interestExpense": "20511000", "nonInterestIncome": "None", "otherNonOperatingIncome": "None", "depreciation": "None", "depreciationAndAmortization": "33333000", "incomeBeforeTax": "82456000", "incomeTaxExpense": "16848000", "interestAndDebtExpense": "None", "netIncomeFromContinuingOperations": "65608000", "comprehensiveIncomeNetOfTax": "None", "ebit": "102967000", "ebitda": "136300000", "netIncome": "65608000"}, {"fiscalDateEnding": "2024-12-31", "reportedCurrency": "USD", "grossProfit": "1716476000", "totalRevenue": "2271637000", "costOfRevenue": "555161000", "costofGoodsAndServicesSold": "555161000", "operatingIncome": "1034069000", "sellingGeneralAndAdministrative": "161799000", "researchAndDevelopment": "368691000", "operatingExpenses": "682407000", "investmentIncomeNet": "None", "netInterestIncome": "-20537000", "interestIncome": "None", "interestExpense": "20537000", "nonInterestIncome": "None", "otherNonOperatingIncome": "None", "depreciation": "None", "depreciationAndAmortization": "32995000", "incomeBeforeTax": "1496876000", "incomeTaxExpense": "205700000", "interestAndDebtExpense": "None", "netIncomeFromContinuingOperations": "1291176000", "comprehensiveIncomeNetOfTax": "None", "ebit": "1517413000", "ebitda": "1550408000", "netIncome": "1291176000"}, {"fiscalDateEnding": "2024-09-30", "reportedCurrency": "USD", "grossProfit": "855658000", "totalRevenue": "1205193000", "costOfRevenue": "349535000", "costofGoodsAndServicesSold": "349535000", "operatingIncome": "169513000", "sellingGeneralAndAdministrative": "192438000", "researchAndDevelopment": "377440000", "operatingExpenses": "686145000", "investmentIncomeNet": "None", "netInterestIncome": "-20530000", "interestIncome": "None", "interestExpense": "20530000", "nonInterestIncome": "None", "otherNonOperatingIncome": "None", "depreciation": "None", "depreciationAndAmortization": "30695000", "incomeBeforeTax": "68581000", "incomeTaxExpense": "-6914000", "interestAndDebtExpense": "None", "netIncomeFromContinuingOperations": "75495000", "comprehensiveIncomeNetOfTax": "None", "ebit": "89111000", "ebitda": "119806000", "netIncome": "75495000"}, {"fiscalDateEnding": "2024-06-30", "reportedCurrency": "USD", "grossProfit": "1153873000", "totalRevenue": "1425044000", "costOfRevenue": "271171000", "costofGoodsAndServicesSold": "271171000", "operatingIncome": "-34497000", "sellingGeneralAndAdministrative": "187468000", "researchAndDevelopment": "364258000", "operatingExpenses": "741391000", "investmentIncomeNet": "None", "netInterestIncome": "-20507000", "interestIncome": "None", "interestExpense": "20507000", "nonInterestIncome": "None", "otherNonOperatingIncome": "None", "depreciation": "None", "depreciationAndAmortization": "34501000", "incomeBeforeTax": "-60237000", "incomeTaxExpense": "-96387000", "interestAndDebtExpense": "None", "netIncomeFromContinuingOperations": "36150000", "comprehensiveIncomeNetOfTax": "None", "ebit": "-34497000", "ebitda": "4000", "netIncome": "36150000"}, {"fiscalDateEnding": "2024-03-31", "reportedCurrency": "USD", "grossProfit": "1247201000", "totalRevenue": "1637570000", "costOfRevenue": "390369000", "costofGoodsAndServicesSold": "390369000", "operatingIncome": "760461000", "sellingGeneralAndAdministrative": "149766000", "researchAndDevelopment": "357863000", "operatingExpenses": "485161000", "investmentIncomeNet": "None", "netInterestIncome": "-19071000", "interestIncome": "None", "interestExpense": "19071000", "nonInterestIncome": "None", "otherNonOperatingIncome": "None", "depreciation": "None", "depreciationAndAmortization": "29327000", "incomeBeforeTax": "1437424000", "incomeTaxExpense": "261179000", "interestAndDebtExpense": "None", "netIncomeFromContinuingOperations": "1176245000", "comprehensiveIncomeNetOfTax": "None", "ebit": "760461000", "ebitda": "789788000", "netIncome": "1176245000"}, {"fiscalDateEnding": "2023-12-31", "reportedCurrency": "USD", "grossProfit": "798751000", "totalRevenue": "953795000", "costOfRevenue": "155044000", "costofGoodsAndServicesSold": "155044000", "operatingIncome": "104600000", "sellingGeneralAndAdministrative": "314935000", "researchAndDevelopment": "323087000", "operatingExpenses": "694151000", "investmentIncomeNet": "None", "netInterestIncome": "-18737000", "interestIncome": "None", "interestExpense": "18737000", "nonInterestIncome": "None", "otherNonOperatingIncome": "None", "depreciation": "None", "depreciationAndAmortization": "29485000", "incomeBeforeTax": "132853000", "incomeTaxExpense": "-140584000", "interestAndDebtExpense": "None", "netIncomeFromContinuingOperations": "273437000", "comprehensiveIncomeNetOfTax": "None", "ebit": "104600000", "ebitda": "134085000", "netIncome": "273437000"}, {"fiscalDateEnding": "2023-09-30", "reportedCurrency": "USD", "grossProfit": "583571000", "totalRevenue": "674148000", "costOfRevenue": "90577000", "costofGoodsAndServicesSold": "90577000", "operatingIncome": "-79825000", "sellingGeneralAndAdministrative": "290782000", "researchAndDevelopment": "322756000", "operatingExpenses": "669388000", "investmentIncomeNet": "None", "netInterestIncome": "-20821000", "interestIncome": "None", "interestExpense": "20821000", "nonInterestIncome": "None", "otherNonOperatingIncome": "None", "depreciation": "None", "depreciationAndAmortization": "35065000", "incomeBeforeTax": "34661000", "incomeTaxExpense": "36926000", "interestAndDebtExpense": "None", "netIncomeFromContinuingOperations": "-2265000", "comprehensiveIncomeNetOfTax": "None", "ebit": "-79825000", "ebitda": "-44760000", "netIncome": "-2265000"}, {"fiscalDateEnding": "2023-06-30", "reportedCurrency": "USD", "grossProfit": "599711000", "totalRevenue": "707911000", "costOfRevenue": "108200000", "costofGoodsAndServicesSold": "108200000", "operatingIncome": "-73575000", "sellingGeneralAndAdministrative": "258988000", "researchAndDevelopment": "320667000", "operatingExpenses": "674321000", "investmentIncomeNet": "None", "netInterestIncome": "-21672000", "interestIncome": "None", "interestExpense": "21672000", "nonInterestIncome": "None", "otherNonOperatingIncome": "16564000", "depreciation": "None", "depreciationAndAmortization": "58940000", "incomeBeforeTax": "-78683000", "incomeTaxExpense": "18722000", "interestAndDebtExpense": "None", "netIncomeFromContinuingOperations": "-97405000", "comprehensiveIncomeNetOfTax": "None", "ebit": "-73575000", "ebitda": "-14635000", "netIncome": "-97405000"}, {"fiscalDateEnding": "2023-03-31", "reportedCurrency": "USD", "grossProfit": "676160000", "totalRevenue": "772529000", "costOfRevenue": "96369000", "costofGoodsAndServicesSold": "96369000", "operatingIncome": "349000", "sellingGeneralAndAdministrative": "248761000", "researchAndDevelopment": "358031000", "operatingExpenses": "655546000", "investmentIncomeNet": "None", "netInterestIncome": "-21536000", "interestIncome": "None", "interestExpense": "21536000", "nonInterestIncome": "None", "otherNonOperatingIncome": "-20265000", "depreciation": "None", "depreciationAndAmortization": "53423000", "incomeBeforeTax": "-165676000", "incomeTaxExpense": "-86780000", "interestAndDebtExpense": "None", "netIncomeFromContinuingOperations": "-78896000", "comprehensiveIncomeNetOfTax": "None", "ebit": "349000", "ebitda": "53772000", "netIncome": "-78896000"}, {"fiscalDateEnding": "2022-12-31", "reportedCurrency": "USD", "grossProfit": "546117000", "totalRevenue": "629108000", "costOfRevenue": "82991000", "costofGoodsAndServicesSold": "82991000", "operatingIncome": "-555390000", "sellingGeneralAndAdministrative": "377682000", "researchAndDevelopment": "590103000", "operatingExpenses": "1101507000", "investmentIncomeNet": "None", "netInterestIncome": "-21600000", "interestIncome": "None", "interestExpense": "21600000", "nonInterestIncome": "None", "otherNonOperatingIncome": "5594000", "depreciation": "None", "depreciationAndAmortization": "48097000", "incomeBeforeTax": "-570878000", "incomeTaxExpense": "-13877000", "interestAndDebtExpense": "None", "netIncomeFromContinuingOperations": "-557001000", "comprehensiveIncomeNetOfTax": "None", "ebit": "-555390000", "ebitda": "-507293000", "netIncome": "-557001000"}, {"fiscalDateEnding": "2022-09-30", "reportedCurrency": "USD", "grossProfit": "488463000", "totalRevenue": "590339000", "costOfRevenue": "101876000", "costofGoodsAndServicesSold": "101876000", "operatingIncome": "-557716000", "sellingGeneralAndAdministrative": "339157000", "researchAndDevelopment": "556338000", "operatingExpenses": "1046179000", "investmentIncomeNet": "None", "netInterestIncome": "-21507000", "interestIncome": "None", "interestExpense": "21507000", "nonInterestIncome": "None", "otherNonOperatingIncome": "-65699000", "depreciation": "None", "depreciationAndAmortization": "49037000", "incomeBeforeTax": "-643690000", "incomeTaxExpense": "-99055000", "interestAndDebtExpense": "None", "netIncomeFromContinuingOperations": "-544635000", "comprehensiveIncomeNetOfTax": "None", "ebit": "-557716000", "ebitda": "-508679000", "netIncome": "-544635000"}, {"fiscalDateEnding": "2022-06-30", "reportedCurrency": "USD", "grossProfit": "641138000", "totalRevenue": "808325000", "costOfRevenue": "167187000", "costofGoodsAndServicesSold": "167187000", "operatingIncome": "-1001936000", "sellingGeneralAndAdministrative": "470169000", "researchAndDevelopment": "609249000", "operatingExpenses": "1643074000", "investmentIncomeNet": "None", "netInterestIncome": "-23656000", "interestIncome": "None", "interestExpense": "23656000", "nonInterestIncome": "None", "otherNonOperatingIncome": "-172524000", "depreciation": "None", "depreciationAndAmortization": "48730000", "incomeBeforeTax": "-1240569000", "incomeTaxExpense": "-146915000", "interestAndDebtExpense": "None", "netIncomeFromContinuingOperations": "-1093654000", "comprehensiveIncomeNetOfTax": "None", "ebit": "-1001936000", "ebitda": "-953206000", "netIncome": "-1093654000"}, {"fiscalDateEnding": "2022-03-31", "reportedCurrency": "USD", "grossProfit": "888610000", "totalRevenue": "1166436000", "costOfRevenue": "277826000", "costofGoodsAndServicesSold": "277826000", "operatingIncome": "-554463000", "sellingGeneralAndAdministrative": "413578000", "researchAndDevelopment": "570664000", "operatingExpenses": "1443073000", "investmentIncomeNet": "None", "netInterestIncome": "-22138000", "interestIncome": "None", "interestExpense": "22138000", "nonInterestIncome": "None", "otherNonOperatingIncome": "-32844000", "depreciation": "None", "depreciationAndAmortization": "39328000", "incomeBeforeTax": "-609445000", "incomeTaxExpense": "-179786000", "interestAndDebtExpense": "None", "netIncomeFromContinuingOperations": "-429659000", "comprehensiveIncomeNetOfTax": "None", "ebit": "-554463000", "ebitda": "-515135000", "netIncome": "-429659000"}, {"fiscalDateEnding": "2021-12-31", "reportedCurrency": "USD", "grossProfit": "1997282000", "totalRevenue": "2498463000", "costOfRevenue": "501181000", "costofGoodsAndServicesSold": "501181000", "operatingIncome": "922324000", "sellingGeneralAndAdministrative": "297324000", "researchAndDevelopment": "459611000", "operatingExpenses": "1074958000", "investmentIncomeNet": "None", "netInterestIncome": "None", "interestIncome": "None", "interestExpense": "None", "nonInterestIncome": "None", "otherNonOperatingIncome": "-31784000", "depreciation": "None", "depreciationAndAmortization": "30409000", "incomeBeforeTax": "890540000", "incomeTaxExpense": "50332000", "interestAndDebtExpense": "None", "netIncomeFromContinuingOperations": "840208000", "comprehensiveIncomeNetOfTax": "None", "ebit": "922324000", "ebitda": "952733000", "netIncome": "840208000"}, {"fiscalDateEnding": "2021-09-30", "reportedCurrency": "USD", "grossProfit": "1114657000", "totalRevenue": "1311908000", "costOfRevenue": "197251000", "costofGoodsAndServicesSold": "197251000", "operatingIncome": "291808000", "sellingGeneralAndAdministrative": "242642000", "researchAndDevelopment": "356264000", "operatingExpenses": "822849000", "investmentIncomeNet": "None", "netInterestIncome": "None", "interestIncome": "None", "interestExpense": "6972000", "nonInterestIncome": "None", "otherNonOperatingIncome": "-20948000", "depreciation": "None", "depreciationAndAmortization": "24912000", "incomeBeforeTax": "270860000", "incomeTaxExpense": "-135240000", "interestAndDebtExpense": "None", "netIncomeFromContinuingOperations": "406100000", "comprehensiveIncomeNetOfTax": "None", "ebit": "291808000", "ebitda": "316720000", "netIncome": "406100000"}, {"fiscalDateEnding": "2021-06-30", "reportedCurrency": "USD", "grossProfit": "1892536000", "totalRevenue": "2227962000", "costOfRevenue": "335426000", "costofGoodsAndServicesSold": "335426000", "operatingIncome": "874725000", "sellingGeneralAndAdministrative": "248195000", "researchAndDevelopment": "291461000", "operatingExpenses": "1017811000", "investmentIncomeNet": "None", "netInterestIncome": "None", "interestIncome": "None", "interestExpense": "748000", "nonInterestIncome": "None", "otherNonOperatingIncome": "-5844000", "depreciation": "None", "depreciationAndAmortization": "22900000", "incomeBeforeTax": "868881000", "incomeTaxExpense": "-737468000", "interestAndDebtExpense": "None", "netIncomeFromContinuingOperations": "1606349000", "comprehensiveIncomeNetOfTax": "None", "ebit": "874725000", "ebitda": "897625000", "netIncome": "1606349000"}, {"fiscalDateEnding": "2021-03-31", "reportedCurrency": "USD", "grossProfit": "1567046000", "totalRevenue": "1801112000", "costOfRevenue": "234066000", "costofGoodsAndServicesSold": "234066000", "operatingIncome": "987713000", "sellingGeneralAndAdministrative": "121231000", "researchAndDevelopment": "184225000", "operatingExpenses": "579333000", "investmentIncomeNet": "None", "netInterestIncome": "None", "interestIncome": "None", "interestExpense": "None", "nonInterestIncome": "None", "otherNonOperatingIncome": "8953000", "depreciation": "None", "depreciationAndAmortization": "19972000", "incomeBeforeTax": "996666000", "incomeTaxExpense": "225203000", "interestAndDebtExpense": "None", "netIncomeFromContinuingOperations": "771463000", "comprehensiveIncomeNetOfTax": "None", "ebit": "987713000", "ebitda": "1007685000", "netIncome": "771463000"}, {"fiscalDateEnding": "2020-12-31", "reportedCurrency": "USD", "grossProfit": "535166000", "totalRevenue": "585112000", "costOfRevenue": "49946000", "costofGoodsAndServicesSold": "49946000", "operatingIncome": "226585000", "sellingGeneralAndAdministrative": "97501000", "researchAndDevelopment": "90498000", "operatingExpenses": "308581000", "investmentIncomeNet": "None", "netInterestIncome": "None", "interestIncome": "None", "interestExpense": "None", "nonInterestIncome": "None", "otherNonOperatingIncome": "None", "depreciation": "None", "depreciationAndAmortization": "8577000", "incomeBeforeTax": "232768000", "incomeTaxExpense": "55983000", "interestAndDebtExpense": "None", "netIncomeFromContinuingOperations": "176785000", "comprehensiveIncomeNetOfTax": "None", "ebit": "226585000", "ebitda": "235162000", "netIncome": "176785000"}, {"fiscalDateEnding": "2020-09-30", "reportedCurrency": "USD", "grossProfit": "278591000", "totalRevenue": "315357000", "costOfRevenue": "36766000", "costofGoodsAndServicesSold": "36766000", "operatingIncome": "101505000", "sellingGeneralAndAdministrative": "71433000", "researchAndDevelopment": "73319000", "operatingExpenses": "177086000", "investmentIncomeNet": "None", "netInterestIncome": "None", "interestIncome": "None", "interestExpense": "None", "nonInterestIncome": "None", "otherNonOperatingIncome": "None", "depreciation": "None", "depreciationAndAmortization": "8007000", "incomeBeforeTax": "102716000", "incomeTaxExpense": "21417000", "interestAndDebtExpense": "None", "netIncomeFromContinuingOperations": "81299000", "comprehensiveIncomeNetOfTax": "None", "ebit": "101505000", "ebitda": "109512000", "netIncome": "81299000"}, {"fiscalDateEnding": "2020-06-30", "reportedCurrency": "USD", "grossProfit": "162987000", "totalRevenue": "186382000", "costOfRevenue": "23395000", "costofGoodsAndServicesSold": "23395000", "operatingIncome": "42086000", "sellingGeneralAndAdministrative": "51988000", "researchAndDevelopment": "60777000", "operatingExpenses": "120901000", "investmentIncomeNet": "None", "netInterestIncome": "None", "interestIncome": "None", "interestExpense": "None", "nonInterestIncome": "None", "otherNonOperatingIncome": "None", "depreciation": "None", "depreciationAndAmortization": "7484000", "incomeBeforeTax": "38806000", "incomeTaxExpense": "6546000", "interestAndDebtExpense": "None", "netIncomeFromContinuingOperations": "32260000", "comprehensiveIncomeNetOfTax": "None", "ebit": "42086000", "ebitda": "49570000", "netIncome": "32260000"}, {"fiscalDateEnding": "2020-03-31", "reportedCurrency": "USD", "grossProfit": "165223000", "totalRevenue": "190630000", "costOfRevenue": "25407000", "costofGoodsAndServicesSold": "25407000", "operatingIncome": "38775000", "sellingGeneralAndAdministrative": "58958000", "researchAndDevelopment": "47138000", "operatingExpenses": "126448000", "investmentIncomeNet": "None", "netInterestIncome": "None", "interestIncome": "None", "interestExpense": "None", "nonInterestIncome": "None", "otherNonOperatingIncome": "None", "depreciation": "None", "depreciationAndAmortization": "6894000", "incomeBeforeTax": "34909000", "incomeTaxExpense": "2936000", "interestAndDebtExpense": "None", "netIncomeFromContinuingOperations": "31973000", "comprehensiveIncomeNetOfTax": "None", "ebit": "38775000", "ebitda": "45669000", "netIncome": "31973000"}, {"fiscalDateEnding": "2019-12-31", "reportedCurrency": "None", "grossProfit": "107272000", "totalRevenue": "125911000", "costOfRevenue": "18639000", "costofGoodsAndServicesSold": "18639000", "operatingIncome": "-14635500", "sellingGeneralAndAdministrative": "33412999", "researchAndDevelopment": "51939000", "operatingExpenses": "124606000", "investmentIncomeNet": "None", "netInterestIncome": "None", "interestIncome": "None", "interestExpense": "None", "nonInterestIncome": "None", "otherNonOperatingIncome": "None", "depreciation": "None", "depreciationAndAmortization": "5964000", "incomeBeforeTax": "-14851000", "incomeTaxExpense": "4915000", "interestAndDebtExpense": "None", "netIncomeFromContinuingOperations": "None", "comprehensiveIncomeNetOfTax": "None", "ebit": "-14635500", "ebitda": "-8671500", "netIncome": "-9936000"}, {"fiscalDateEnding": "2019-09-30", "reportedCurrency": "None", "grossProfit": "107272000", "totalRevenue": "125911000", "costOfRevenue": "18639000", "costofGoodsAndServicesSold": "18639000", "operatingIncome": "-16887500", "sellingGeneralAndAdministrative": "53865000", "researchAndDevelopment": "51939000", "operatingExpenses": "124606000", "investmentIncomeNet": "None", "netInterestIncome": "None", "interestIncome": "None", "interestExpense": "None", "nonInterestIncome": "None", "otherNonOperatingIncome": "None", "depreciation": "None", "depreciationAndAmortization": "5964000", "incomeBeforeTax": "-14851000", "incomeTaxExpense": "4915000", "interestAndDebtExpense": "None", "netIncomeFromContinuingOperations": "None", "comprehensiveIncomeNetOfTax": "None", "ebit": "-16887500", "ebitda": "-10923500", "netIncome": "-9936000"}, {"fiscalDateEnding": "2019-06-30", "reportedCurrency": "None", "grossProfit": "113106500", "totalRevenue": "135495000", "costOfRevenue": "22388500", "costofGoodsAndServicesSold": "22388500", "operatingIncome": "-6395500", "sellingGeneralAndAdministrative": "62099500", "researchAndDevelopment": "40583000", "operatingExpenses": "123942000", "investmentIncomeNet": "None", "netInterestIncome": "None", "interestIncome": "None", "interestExpense": "None", "nonInterestIncome": "None", "otherNonOperatingIncome": "None", "depreciation": "None", "depreciationAndAmortization": "2475000", "incomeBeforeTax": "-7857000", "incomeTaxExpense": "2599500", "interestAndDebtExpense": "None", "netIncomeFromContinuingOperations": "None", "comprehensiveIncomeNetOfTax": "None", "ebit": "-6395500", "ebitda": "-3920500", "netIncome": "-5257500"}, {"fiscalDateEnding": "2019-03-31", "reportedCurrency": "None", "grossProfit": "113106500", "totalRevenue": "135495000", "costOfRevenue": "22388500", "costofGoodsAndServicesSold": "22388500", "operatingIncome": "-6395500", "sellingGeneralAndAdministrative": "62099500", "researchAndDevelopment": "40583000", "operatingExpenses": "123942000", "investmentIncomeNet": "None", "netInterestIncome": "None", "interestIncome": "None", "interestExpense": "None", "nonInterestIncome": "None", "otherNonOperatingIncome": "None", "depreciation": "None", "depreciationAndAmortization": "2475000", "incomeBeforeTax": "-7857000", "incomeTaxExpense": "2599500", "interestAndDebtExpense": "None", "netIncomeFromContinuingOperations": "None", "comprehensiveIncomeNetOfTax": "None", "ebit": "-6395500", "ebitda": "-3920500", "netIncome": "-5257500"}]}