{"symbol": "IFF", "annualReports": [{"fiscalDateEnding": "2025-12-31", "reportedCurrency": "USD", "grossProfit": "3938000000", "totalRevenue": "10890000000", "costOfRevenue": "6952000000", "costofGoodsAndServicesSold": "6952000000", "operatingIncome": "-382000000", "sellingGeneralAndAdministrative": "1834000000", "researchAndDevelopment": "694000000", "operatingExpenses": "2528000000", "investmentIncomeNet": "None", "netInterestIncome": "None", "interestIncome": "229000000", "interestExpense": "229000000", "nonInterestIncome": "None", "otherNonOperatingIncome": "None", "depreciation": "None", "depreciationAndAmortization": "None", "incomeBeforeTax": "-412000000", "incomeTaxExpense": "-40000000", "interestAndDebtExpense": "None", "netIncomeFromContinuingOperations": "None", "comprehensiveIncomeNetOfTax": "None", "ebit": "None", "ebitda": "-382000000", "netIncome": "-374000000"}, {"fiscalDateEnding": "2024-12-31", "reportedCurrency": "USD", "grossProfit": "4124000000", "totalRevenue": "11484000000", "costOfRevenue": "7360000000", "costofGoodsAndServicesSold": "7360000000", "operatingIncome": "766000000", "sellingGeneralAndAdministrative": "1995000000", "researchAndDevelopment": "671000000", "operatingExpenses": "3358000000", "investmentIncomeNet": "None", "netInterestIncome": "-305000000", "interestIncome": "381000000", "interestExpense": "305000000", "nonInterestIncome": "None", "otherNonOperatingIncome": "None", "depreciation": "None", "depreciationAndAmortization": "1015000000", "incomeBeforeTax": "278000000", "incomeTaxExpense": "31000000", "interestAndDebtExpense": "None", "netIncomeFromContinuingOperations": "247000000", "comprehensiveIncomeNetOfTax": "None", "ebit": "583000000", "ebitda": "1598000000", "netIncome": "243000000"}, {"fiscalDateEnding": "2023-12-31", "reportedCurrency": "USD", "grossProfit": "3681000000", "totalRevenue": "11479000000", "costOfRevenue": "7798000000", "costofGoodsAndServicesSold": "7798000000", "operatingIncome": "-2110000000", "sellingGeneralAndAdministrative": "1783000000", "researchAndDevelopment": "636000000", "operatingExpenses": "5791000000", "investmentIncomeNet": "None", "netInterestIncome": "-441000000", "interestIncome": "452000000", "interestExpense": "380000000", "nonInterestIncome": "None", "otherNonOperatingIncome": "None", "depreciation": "None", "depreciationAndAmortization": "1142000000", "incomeBeforeTax": "-2518000000", "incomeTaxExpense": "45000000", "interestAndDebtExpense": "None", "netIncomeFromContinuingOperations": "22000000", "comprehensiveIncomeNetOfTax": "None", "ebit": "-2138000000", "ebitda": "-996000000", "netIncome": "-2565000000"}, {"fiscalDateEnding": "2022-12-31", "reportedCurrency": "USD", "grossProfit": "4151000000", "totalRevenue": "12440000000", "costOfRevenue": "8289000000", "costofGoodsAndServicesSold": "8289000000", "operatingIncome": "-1326000000", "sellingGeneralAndAdministrative": "1768000000", "researchAndDevelopment": "603000000", "operatingExpenses": "5477000000", "investmentIncomeNet": "None", "netInterestIncome": "-336000000", "interestIncome": "336000000", "interestExpense": "336000000", "nonInterestIncome": "None", "otherNonOperatingIncome": "None", "depreciation": "None", "depreciationAndAmortization": "1179000000", "incomeBeforeTax": "-1625000000", "incomeTaxExpense": "239000000", "interestAndDebtExpense": "None", "netIncomeFromContinuingOperations": "-1836000000", "comprehensiveIncomeNetOfTax": "None", "ebit": "-1289000000", "ebitda": "-110000000", "netIncome": "-1868000000"}, {"fiscalDateEnding": "2021-12-31", "reportedCurrency": "USD", "grossProfit": "3735000000", "totalRevenue": "11656000000", "costOfRevenue": "7921000000", "costofGoodsAndServicesSold": "7921000000", "operatingIncome": "585000000", "sellingGeneralAndAdministrative": "1749000000", "researchAndDevelopment": "629000000", "operatingExpenses": "3150000000", "investmentIncomeNet": "None", "netInterestIncome": "-289000000", "interestIncome": "289000000", "interestExpense": "289000000", "nonInterestIncome": "None", "otherNonOperatingIncome": "58000000", "depreciation": "None", "depreciationAndAmortization": "1156000000", "incomeBeforeTax": "354000000", "incomeTaxExpense": "75000000", "interestAndDebtExpense": "None", "netIncomeFromContinuingOperations": "279000000", "comprehensiveIncomeNetOfTax": "None", "ebit": "643000000", "ebitda": "1799000000", "netIncome": "268000000"}, {"fiscalDateEnding": "2020-12-31", "reportedCurrency": "USD", "grossProfit": "2086000000", "totalRevenue": "5084000000", "costOfRevenue": "2998000000", "costofGoodsAndServicesSold": "2998000000", "operatingIncome": "566000000", "sellingGeneralAndAdministrative": "966128000", "researchAndDevelopment": "357000000", "operatingExpenses": "1520000000", "investmentIncomeNet": "None", "netInterestIncome": "-131802000", "interestIncome": "131802000", "interestExpense": "132000000", "nonInterestIncome": "None", "otherNonOperatingIncome": "6689000", "depreciation": "None", "depreciationAndAmortization": "325000000", "incomeBeforeTax": "441000000", "incomeTaxExpense": "74000000", "interestAndDebtExpense": "None", "netIncomeFromContinuingOperations": "307531000", "comprehensiveIncomeNetOfTax": "None", "ebit": "573000000", "ebitda": "898000000", "netIncome": "365000000"}, {"fiscalDateEnding": "2019-12-31", "reportedCurrency": "USD", "grossProfit": "2113000000", "totalRevenue": "5140000000", "costOfRevenue": "3027000000", "costofGoodsAndServicesSold": "3027000000", "operatingIncome": "665000000", "sellingGeneralAndAdministrative": "876121000", "researchAndDevelopment": "346000000", "operatingExpenses": "1448000000", "investmentIncomeNet": "None", "netInterestIncome": "-138221000", "interestIncome": "137664000", "interestExpense": "138000000", "nonInterestIncome": "None", "otherNonOperatingIncome": "30403000", "depreciation": "None", "depreciationAndAmortization": "323000000", "incomeBeforeTax": "557000000", "incomeTaxExpense": "97000000", "interestAndDebtExpense": "None", "netIncomeFromContinuingOperations": "424326000", "comprehensiveIncomeNetOfTax": "None", "ebit": "695000000", "ebitda": "1018000000", "netIncome": "454000000"}, {"fiscalDateEnding": "2018-12-31", "reportedCurrency": "USD", "grossProfit": "1682707000", "totalRevenue": "3977539000", "costOfRevenue": "2294832000", "costofGoodsAndServicesSold": "2294832000", "operatingIncome": "583882000", "sellingGeneralAndAdministrative": "707461000", "researchAndDevelopment": "311583000", "operatingExpenses": "1098825000", "investmentIncomeNet": "None", "netInterestIncome": "-132558000", "interestIncome": "118405000", "interestExpense": "132558000", "nonInterestIncome": "None", "otherNonOperatingIncome": "-3567000", "depreciation": "None", "depreciationAndAmortization": "173792000", "incomeBeforeTax": "447757000", "incomeTaxExpense": "107976000", "interestAndDebtExpense": "None", "netIncomeFromContinuingOperations": "359538000", "comprehensiveIncomeNetOfTax": "None", "ebit": "580315000", "ebitda": "754107000", "netIncome": "334454000"}, {"fiscalDateEnding": "2017-12-31", "reportedCurrency": "USD", "grossProfit": "1472463000", "totalRevenue": "3398719000", "costOfRevenue": "1926256000", "costofGoodsAndServicesSold": "1926256000", "operatingIncome": "552630000", "sellingGeneralAndAdministrative": "557311000", "researchAndDevelopment": "295469000", "operatingExpenses": "919833000", "investmentIncomeNet": "None", "netInterestIncome": "-65363000", "interestIncome": "75420000", "interestExpense": "65363000", "nonInterestIncome": "None", "otherNonOperatingIncome": "20965000", "depreciation": "None", "depreciationAndAmortization": "117967000", "incomeBeforeTax": "537045000", "incomeTaxExpense": "241380000", "interestAndDebtExpense": "None", "netIncomeFromContinuingOperations": "301605000", "comprehensiveIncomeNetOfTax": "None", "ebit": "602408000", "ebitda": "720375000", "netIncome": "295665000"}, {"fiscalDateEnding": "2016-12-31", "reportedCurrency": "USD", "grossProfit": "1395563000", "totalRevenue": "3116350000", "costOfRevenue": "1720787000", "costofGoodsAndServicesSold": "1720787000", "operatingIncome": "552955000", "sellingGeneralAndAdministrative": "566224000", "researchAndDevelopment": "258863000", "operatingExpenses": "842608000", "investmentIncomeNet": "None", "netInterestIncome": "-52989000", "interestIncome": "26168000", "interestExpense": "52989000", "nonInterestIncome": "None", "otherNonOperatingIncome": "9350000", "depreciation": "None", "depreciationAndAmortization": "102469000", "incomeBeforeTax": "523717000", "incomeTaxExpense": "118686000", "interestAndDebtExpense": "None", "netIncomeFromContinuingOperations": "394699000", "comprehensiveIncomeNetOfTax": "None", "ebit": "576706000", "ebitda": "679175000", "netIncome": "405031000"}, {"fiscalDateEnding": "2015-12-31", "reportedCurrency": "USD", "grossProfit": "1351599000", "totalRevenue": "3023189000", "costOfRevenue": "1671590000", "costofGoodsAndServicesSold": "1671590000", "operatingIncome": "588347000", "sellingGeneralAndAdministrative": "509557000", "researchAndDevelopment": "246101000", "operatingExpenses": "763252000", "investmentIncomeNet": "None", "netInterestIncome": "None", "interestIncome": "37418000", "interestExpense": "46062000", "nonInterestIncome": "None", "otherNonOperatingIncome": "-3184000", "depreciation": "None", "depreciationAndAmortization": "89597000", "incomeBeforeTax": "539101000", "incomeTaxExpense": "119854000", "interestAndDebtExpense": "None", "netIncomeFromContinuingOperations": "473364000", "comprehensiveIncomeNetOfTax": "None", "ebit": "585163000", "ebitda": "674760000", "netIncome": "419247000"}, {"fiscalDateEnding": "2014-12-31", "reportedCurrency": "USD", "grossProfit": "1362150000", "totalRevenue": "3088533000", "costOfRevenue": "1726383000", "costofGoodsAndServicesSold": "1726383000", "operatingIncome": "592321000", "sellingGeneralAndAdministrative": "514891000", "researchAndDevelopment": "253640000", "operatingExpenses": "769829000", "investmentIncomeNet": "None", "netInterestIncome": "None", "interestIncome": "None", "interestExpense": "46067000", "nonInterestIncome": "None", "otherNonOperatingIncome": "2807000", "depreciation": "None", "depreciationAndAmortization": "89354000", "incomeBeforeTax": "549061000", "incomeTaxExpense": "134518000", "interestAndDebtExpense": "None", "netIncomeFromContinuingOperations": "319505000", "comprehensiveIncomeNetOfTax": "None", "ebit": "595128000", "ebitda": "684482000", "netIncome": "414543000"}, {"fiscalDateEnding": "2013-12-31", "reportedCurrency": "USD", "grossProfit": "1284205000", "totalRevenue": "2952896000", "costOfRevenue": "1668691000", "costofGoodsAndServicesSold": "1668691000", "operatingIncome": "516339000", "sellingGeneralAndAdministrative": "505877000", "researchAndDevelopment": "259838000", "operatingExpenses": "767866000", "investmentIncomeNet": "None", "netInterestIncome": "None", "interestIncome": "None", "interestExpense": "46767000", "nonInterestIncome": "None", "otherNonOperatingIncome": "15638000", "depreciation": "None", "depreciationAndAmortization": "83227000", "incomeBeforeTax": "485210000", "incomeTaxExpense": "131666000", "interestAndDebtExpense": "None", "netIncomeFromContinuingOperations": "378808000", "comprehensiveIncomeNetOfTax": "None", "ebit": "531977000", "ebitda": "615204000", "netIncome": "353544000"}, {"fiscalDateEnding": "2012-12-31", "reportedCurrency": "USD", "grossProfit": "1175534000", "totalRevenue": "2821446000", "costOfRevenue": "1645912000", "costofGoodsAndServicesSold": "1645912000", "operatingIncome": "486618000", "sellingGeneralAndAdministrative": "453535000", "researchAndDevelopment": "233713000", "operatingExpenses": "688916000", "investmentIncomeNet": "None", "netInterestIncome": "None", "interestIncome": "None", "interestExpense": "41753000", "nonInterestIncome": "None", "otherNonOperatingIncome": "-1450000", "depreciation": "None", "depreciationAndAmortization": "76667000", "incomeBeforeTax": "443415000", "incomeTaxExpense": "189281000", "interestAndDebtExpense": "None", "netIncomeFromContinuingOperations": "212586000", "comprehensiveIncomeNetOfTax": "None", "ebit": "485168000", "ebitda": "561835000", "netIncome": "254134000"}, {"fiscalDateEnding": "2011-12-31", "reportedCurrency": "USD", "grossProfit": "1104656000", "totalRevenue": "2788018000", "costOfRevenue": "1683362000", "costofGoodsAndServicesSold": "1683362000", "operatingIncome": "440901000", "sellingGeneralAndAdministrative": "443974000", "researchAndDevelopment": "219781000", "operatingExpenses": "1104656000", "investmentIncomeNet": "None", "netInterestIncome": "None", "interestIncome": "None", "interestExpense": "44639000", "nonInterestIncome": "None", "otherNonOperatingIncome": "None", "depreciation": "None", "depreciationAndAmortization": "75327000", "incomeBeforeTax": "373546000", "incomeTaxExpense": "106680000", "interestAndDebtExpense": "None", "netIncomeFromContinuingOperations": "None", "comprehensiveIncomeNetOfTax": "None", "ebit": "418185000", "ebitda": "493512000", "netIncome": "266866000"}, {"fiscalDateEnding": "2010-12-31", "reportedCurrency": "USD", "grossProfit": "1092602000", "totalRevenue": "2622862000", "costOfRevenue": "1530260000", "costofGoodsAndServicesSold": "1530260000", "operatingIncome": "416361000", "sellingGeneralAndAdministrative": "447392000", "researchAndDevelopment": "218772000", "operatingExpenses": "676241000", "investmentIncomeNet": "None", "netInterestIncome": "None", "interestIncome": "None", "interestExpense": "48709000", "nonInterestIncome": "None", "otherNonOperatingIncome": "-8059000", "depreciation": "None", "depreciationAndAmortization": "79242000", "incomeBeforeTax": "359593000", "incomeTaxExpense": "96036000", "interestAndDebtExpense": "None", "netIncomeFromContinuingOperations": "263557000", "comprehensiveIncomeNetOfTax": "None", "ebit": "408302000", "ebitda": "487544000", "netIncome": "263557000"}, {"fiscalDateEnding": "2009-12-31", "reportedCurrency": "USD", "grossProfit": "934245000", "totalRevenue": "2326158000", "costOfRevenue": "1391913000", "costofGoodsAndServicesSold": "1391913000", "operatingIncome": "340288000", "sellingGeneralAndAdministrative": "376541000", "researchAndDevelopment": "184771000", "operatingExpenses": "593957000", "investmentIncomeNet": "None", "netInterestIncome": "None", "interestIncome": "None", "interestExpense": "61818000", "nonInterestIncome": "None", "otherNonOperatingIncome": "None", "depreciation": "None", "depreciationAndAmortization": "78525000", "incomeBeforeTax": "276549000", "incomeTaxExpense": "81023000", "interestAndDebtExpense": "None", "netIncomeFromContinuingOperations": "None", "comprehensiveIncomeNetOfTax": "None", "ebit": "338367000", "ebitda": "416892000", "netIncome": "195526000"}, {"fiscalDateEnding": "2008-12-31", "reportedCurrency": "USD", "grossProfit": "970931000", "totalRevenue": "2389372000", "costOfRevenue": "1418441000", "costofGoodsAndServicesSold": "1418441000", "operatingIncome": "355133000", "sellingGeneralAndAdministrative": "381841000", "researchAndDevelopment": "196863000", "operatingExpenses": "615798000", "investmentIncomeNet": "None", "netInterestIncome": "None", "interestIncome": "None", "interestExpense": "74008000", "nonInterestIncome": "None", "otherNonOperatingIncome": "None", "depreciation": "None", "depreciationAndAmortization": "75986000", "incomeBeforeTax": "283922000", "incomeTaxExpense": "54294000", "interestAndDebtExpense": "None", "netIncomeFromContinuingOperations": "None", "comprehensiveIncomeNetOfTax": "None", "ebit": "357930000", "ebitda": "433916000", "netIncome": "229628000"}, {"fiscalDateEnding": "2007-12-31", "reportedCurrency": "USD", "grossProfit": "952214000", "totalRevenue": "2276638000", "costOfRevenue": "1324424000", "costofGoodsAndServicesSold": "1324424000", "operatingIncome": "365026000", "sellingGeneralAndAdministrative": "375287000", "researchAndDevelopment": "199023000", "operatingExpenses": "587188000", "investmentIncomeNet": "None", "netInterestIncome": "None", "interestIncome": "None", "interestExpense": "41535000", "nonInterestIncome": "None", "otherNonOperatingIncome": "None", "depreciation": "None", "depreciationAndAmortization": "82788000", "incomeBeforeTax": "328684000", "incomeTaxExpense": "81556000", "interestAndDebtExpense": "None", "netIncomeFromContinuingOperations": "None", "comprehensiveIncomeNetOfTax": "None", "ebit": "370219000", "ebitda": "453007000", "netIncome": "247128000"}, {"fiscalDateEnding": "2006-12-31", "reportedCurrency": "USD", "grossProfit": "884131000", "totalRevenue": "2095390000", "costOfRevenue": "1211259000", "costofGoodsAndServicesSold": "1211259000", "operatingIncome": "328993000", "sellingGeneralAndAdministrative": "351923000", "researchAndDevelopment": "185692000", "operatingExpenses": "555138000", "investmentIncomeNet": "None", "netInterestIncome": "None", "interestIncome": "None", "interestExpense": "25549000", "nonInterestIncome": "None", "otherNonOperatingIncome": "None", "depreciation": "None", "depreciationAndAmortization": "89733000", "incomeBeforeTax": "313282000", "incomeTaxExpense": "86782000", "interestAndDebtExpense": "None", "netIncomeFromContinuingOperations": "None", "comprehensiveIncomeNetOfTax": "None", "ebit": "331673000", "ebitda": "421406000", "netIncome": "226500000"}], "quarterlyReports": [{"fiscalDateEnding": "2025-12-31", "reportedCurrency": "USD", "grossProfit": "890000000", "totalRevenue": "2589000000", "costOfRevenue": "1699000000", "costofGoodsAndServicesSold": "1699000000", "operatingIncome": "97000000", "sellingGeneralAndAdministrative": "469000000", "researchAndDevelopment": "174000000", "operatingExpenses": "643000000", "investmentIncomeNet": "None", "netInterestIncome": "None", "interestIncome": "49000000", "interestExpense": "49000000", "nonInterestIncome": "None", "otherNonOperatingIncome": "None", "depreciation": "None", "depreciationAndAmortization": "None", "incomeBeforeTax": "22000000", "incomeTaxExpense": "4000000", "interestAndDebtExpense": "None", "netIncomeFromContinuingOperations": "None", "comprehensiveIncomeNetOfTax": "None", "ebit": "None", "ebitda": "97000000", "netIncome": "18000000"}, {"fiscalDateEnding": "2025-09-30", "reportedCurrency": "USD", "grossProfit": "983000000", "totalRevenue": "2694000000", "costOfRevenue": "1711000000", "costofGoodsAndServicesSold": "1711000000", "operatingIncome": "226000000", "sellingGeneralAndAdministrative": "421000000", "researchAndDevelopment": "174000000", "operatingExpenses": "757000000", "investmentIncomeNet": "None", "netInterestIncome": "-48000000", "interestIncome": "65000000", "interestExpense": "48000000", "nonInterestIncome": "None", "otherNonOperatingIncome": "None", "depreciation": "None", "depreciationAndAmortization": "247000000", "incomeBeforeTax": "56000000", "incomeTaxExpense": "15000000", "interestAndDebtExpense": "None", "netIncomeFromContinuingOperations": "41000000", "comprehensiveIncomeNetOfTax": "None", "ebit": "104000000", "ebitda": "351000000", "netIncome": "40000000"}, {"fiscalDateEnding": "2025-06-30", "reportedCurrency": "USD", "grossProfit": "1030000000", "totalRevenue": "2764000000", "costOfRevenue": "1734000000", "costofGoodsAndServicesSold": "1734000000", "operatingIncome": "198000000", "sellingGeneralAndAdministrative": "483000000", "researchAndDevelopment": "182000000", "operatingExpenses": "832000000", "investmentIncomeNet": "None", "netInterestIncome": "-61000000", "interestIncome": "71000000", "interestExpense": "61000000", "nonInterestIncome": "None", "otherNonOperatingIncome": "None", "depreciation": "None", "depreciationAndAmortization": "242000000", "incomeBeforeTax": "534000000", "incomeTaxExpense": "-78000000", "interestAndDebtExpense": "None", "netIncomeFromContinuingOperations": "612000000", "comprehensiveIncomeNetOfTax": "None", "ebit": "595000000", "ebitda": "837000000", "netIncome": "612000000"}, {"fiscalDateEnding": "2025-03-31", "reportedCurrency": "USD", "grossProfit": "1035000000", "totalRevenue": "2843000000", "costOfRevenue": "1808000000", "costofGoodsAndServicesSold": "1808000000", "operatingIncome": "-903000000", "sellingGeneralAndAdministrative": "461000000", "researchAndDevelopment": "164000000", "operatingExpenses": "1938000000", "investmentIncomeNet": "None", "netInterestIncome": "-71000000", "interestIncome": "91000000", "interestExpense": "71000000", "nonInterestIncome": "None", "otherNonOperatingIncome": "None", "depreciation": "None", "depreciationAndAmortization": "236000000", "incomeBeforeTax": "-994000000", "incomeTaxExpense": "23000000", "interestAndDebtExpense": "None", "netIncomeFromContinuingOperations": "-1017000000", "comprehensiveIncomeNetOfTax": "None", "ebit": "-923000000", "ebitda": "-687000000", "netIncome": "-1018000000"}, {"fiscalDateEnding": "2024-12-31", "reportedCurrency": "USD", "grossProfit": "980000000", "totalRevenue": "2771000000", "costOfRevenue": "1791000000", "costofGoodsAndServicesSold": "1791000000", "operatingIncome": "127000000", "sellingGeneralAndAdministrative": "517000000", "researchAndDevelopment": "170000000", "operatingExpenses": "853000000", "investmentIncomeNet": "None", "netInterestIncome": "-69000000", "interestIncome": "82000000", "interestExpense": "69000000", "nonInterestIncome": "None", "otherNonOperatingIncome": "None", "depreciation": "None", "depreciationAndAmortization": "243000000", "incomeBeforeTax": "-115000000", "incomeTaxExpense": "-69000000", "interestAndDebtExpense": "None", "netIncomeFromContinuingOperations": "-46000000", "comprehensiveIncomeNetOfTax": "None", "ebit": "-46000000", "ebitda": "197000000", "netIncome": "-46000000"}, {"fiscalDateEnding": "2024-09-30", "reportedCurrency": "USD", "grossProfit": "1052000000", "totalRevenue": "2925000000", "costOfRevenue": "1873000000", "costofGoodsAndServicesSold": "1873000000", "operatingIncome": "249000000", "sellingGeneralAndAdministrative": "495000000", "researchAndDevelopment": "162000000", "operatingExpenses": "803000000", "investmentIncomeNet": "None", "netInterestIncome": "-74000000", "interestIncome": "102000000", "interestExpense": "74000000", "nonInterestIncome": "None", "otherNonOperatingIncome": "None", "depreciation": "None", "depreciationAndAmortization": "248000000", "incomeBeforeTax": "95000000", "incomeTaxExpense": "35000000", "interestAndDebtExpense": "None", "netIncomeFromContinuingOperations": "60000000", "comprehensiveIncomeNetOfTax": "None", "ebit": "169000000", "ebitda": "417000000", "netIncome": "59000000"}, {"fiscalDateEnding": "2024-06-30", "reportedCurrency": "USD", "grossProfit": "1068000000", "totalRevenue": "2889000000", "costOfRevenue": "1821000000", "costofGoodsAndServicesSold": "1821000000", "operatingIncome": "191000000", "sellingGeneralAndAdministrative": "493000000", "researchAndDevelopment": "173000000", "operatingExpenses": "877000000", "investmentIncomeNet": "None", "netInterestIncome": "-79000000", "interestIncome": "None", "interestExpense": "79000000", "nonInterestIncome": "None", "otherNonOperatingIncome": "None", "depreciation": "None", "depreciationAndAmortization": "246000000", "incomeBeforeTax": "183000000", "incomeTaxExpense": "11000000", "interestAndDebtExpense": "None", "netIncomeFromContinuingOperations": "172000000", "comprehensiveIncomeNetOfTax": "None", "ebit": "262000000", "ebitda": "508000000", "netIncome": "170000000"}, {"fiscalDateEnding": "2024-03-31", "reportedCurrency": "USD", "grossProfit": "1024000000", "totalRevenue": "2899000000", "costOfRevenue": "1875000000", "costofGoodsAndServicesSold": "1875000000", "operatingIncome": "199000000", "sellingGeneralAndAdministrative": "490000000", "researchAndDevelopment": "166000000", "operatingExpenses": "825000000", "investmentIncomeNet": "None", "netInterestIncome": "-83000000", "interestIncome": "None", "interestExpense": "83000000", "nonInterestIncome": "None", "otherNonOperatingIncome": "None", "depreciation": "None", "depreciationAndAmortization": "278000000", "incomeBeforeTax": "115000000", "incomeTaxExpense": "54000000", "interestAndDebtExpense": "None", "netIncomeFromContinuingOperations": "61000000", "comprehensiveIncomeNetOfTax": "None", "ebit": "198000000", "ebitda": "476000000", "netIncome": "60000000"}, {"fiscalDateEnding": "2023-12-31", "reportedCurrency": "USD", "grossProfit": "860000000", "totalRevenue": "2703000000", "costOfRevenue": "1843000000", "costofGoodsAndServicesSold": "1843000000", "operatingIncome": "-2536000000", "sellingGeneralAndAdministrative": "444000000", "researchAndDevelopment": "157000000", "operatingExpenses": "3396000000", "investmentIncomeNet": "None", "netInterestIncome": "-43000000", "interestIncome": "None", "interestExpense": "43000000", "nonInterestIncome": "None", "otherNonOperatingIncome": "None", "depreciation": "None", "depreciationAndAmortization": "287000000", "incomeBeforeTax": "-2641000000", "incomeTaxExpense": "-32000000", "interestAndDebtExpense": "None", "netIncomeFromContinuingOperations": "-2609000000", "comprehensiveIncomeNetOfTax": "None", "ebit": "-2598000000", "ebitda": "-2311000000", "netIncome": "-2607000000"}, {"fiscalDateEnding": "2023-09-30", "reportedCurrency": "USD", "grossProfit": "924000000", "totalRevenue": "2820000000", "costOfRevenue": "1896000000", "costofGoodsAndServicesSold": "1896000000", "operatingIncome": "150000000", "sellingGeneralAndAdministrative": "444000000", "researchAndDevelopment": "157000000", "operatingExpenses": "774000000", "investmentIncomeNet": "None", "netInterestIncome": "-110000000", "interestIncome": "110000000", "interestExpense": "90000000", "nonInterestIncome": "None", "otherNonOperatingIncome": "None", "depreciation": "None", "depreciationAndAmortization": "292000000", "incomeBeforeTax": "59000000", "incomeTaxExpense": "32000000", "interestAndDebtExpense": "None", "netIncomeFromContinuingOperations": "27000000", "comprehensiveIncomeNetOfTax": "None", "ebit": "149000000", "ebitda": "441000000", "netIncome": "25000000"}, {"fiscalDateEnding": "2023-06-30", "reportedCurrency": "USD", "grossProfit": "933000000", "totalRevenue": "2929000000", "costOfRevenue": "1996000000", "costofGoodsAndServicesSold": "1996000000", "operatingIncome": "145000000", "sellingGeneralAndAdministrative": "445000000", "researchAndDevelopment": "161000000", "operatingExpenses": "788000000", "investmentIncomeNet": "None", "netInterestIncome": "-116000000", "interestIncome": "116000000", "interestExpense": "101000000", "nonInterestIncome": "None", "otherNonOperatingIncome": "21000000", "depreciation": "None", "depreciationAndAmortization": "287000000", "incomeBeforeTax": "50000000", "incomeTaxExpense": "23000000", "interestAndDebtExpense": "None", "netIncomeFromContinuingOperations": "27000000", "comprehensiveIncomeNetOfTax": "None", "ebit": "151000000", "ebitda": "438000000", "netIncome": "27000000"}, {"fiscalDateEnding": "2023-03-31", "reportedCurrency": "USD", "grossProfit": "964000000", "totalRevenue": "3027000000", "costOfRevenue": "2063000000", "costofGoodsAndServicesSold": "2063000000", "operatingIncome": "131000000", "sellingGeneralAndAdministrative": "454000000", "researchAndDevelopment": "161000000", "operatingExpenses": "833000000", "investmentIncomeNet": "None", "netInterestIncome": "-111000000", "interestIncome": "111000000", "interestExpense": "100000000", "nonInterestIncome": "None", "otherNonOperatingIncome": "-6000000", "depreciation": "None", "depreciationAndAmortization": "276000000", "incomeBeforeTax": "14000000", "incomeTaxExpense": "22000000", "interestAndDebtExpense": "None", "netIncomeFromContinuingOperations": "-10000000", "comprehensiveIncomeNetOfTax": "None", "ebit": "114000000", "ebitda": "390000000", "netIncome": "-9000000"}, {"fiscalDateEnding": "2022-12-31", "reportedCurrency": "USD", "grossProfit": "869000000", "totalRevenue": "2844000000", "costOfRevenue": "1975000000", "costofGoodsAndServicesSold": "1975000000", "operatingIncome": "105000000", "sellingGeneralAndAdministrative": "440000000", "researchAndDevelopment": "143000000", "operatingExpenses": "583000000", "investmentIncomeNet": "None", "netInterestIncome": "-104000000", "interestIncome": "104000000", "interestExpense": "104000000", "nonInterestIncome": "None", "otherNonOperatingIncome": "None", "depreciation": "None", "depreciationAndAmortization": "1179000000", "incomeBeforeTax": "-5000000", "incomeTaxExpense": "9000000", "interestAndDebtExpense": "None", "netIncomeFromContinuingOperations": "4000000", "comprehensiveIncomeNetOfTax": "None", "ebit": "116000000", "ebitda": "1295000000", "netIncome": "3000000"}, {"fiscalDateEnding": "2022-09-30", "reportedCurrency": "USD", "grossProfit": "1001000000", "totalRevenue": "3063000000", "costOfRevenue": "2062000000", "costofGoodsAndServicesSold": "2062000000", "operatingIncome": "-1985000000", "sellingGeneralAndAdministrative": "413000000", "researchAndDevelopment": "145000000", "operatingExpenses": "740000000", "investmentIncomeNet": "None", "netInterestIncome": "-83000000", "interestIncome": "83000000", "interestExpense": "83000000", "nonInterestIncome": "None", "otherNonOperatingIncome": "33000000", "depreciation": "None", "depreciationAndAmortization": "293000000", "incomeBeforeTax": "-2035000000", "incomeTaxExpense": "160000000", "interestAndDebtExpense": "None", "netIncomeFromContinuingOperations": "-2190000000", "comprehensiveIncomeNetOfTax": "None", "ebit": "-1953000000", "ebitda": "-1660000000", "netIncome": "-2196000000"}, {"fiscalDateEnding": "2022-06-30", "reportedCurrency": "USD", "grossProfit": "1136000000", "totalRevenue": "3307000000", "costOfRevenue": "2171000000", "costofGoodsAndServicesSold": "2171000000", "operatingIncome": "213000000", "sellingGeneralAndAdministrative": "456000000", "researchAndDevelopment": "158000000", "operatingExpenses": "798000000", "investmentIncomeNet": "None", "netInterestIncome": "-77000000", "interestIncome": "77000000", "interestExpense": "77000000", "nonInterestIncome": "None", "otherNonOperatingIncome": "None", "depreciation": "None", "depreciationAndAmortization": "301000000", "incomeBeforeTax": "130000000", "incomeTaxExpense": "21000000", "interestAndDebtExpense": "None", "netIncomeFromContinuingOperations": "109000000", "comprehensiveIncomeNetOfTax": "None", "ebit": "205000000", "ebitda": "506000000", "netIncome": "107000000"}, {"fiscalDateEnding": "2022-03-31", "reportedCurrency": "USD", "grossProfit": "1145000000", "totalRevenue": "3226000000", "costOfRevenue": "2081000000", "costofGoodsAndServicesSold": "2081000000", "operatingIncome": "341000000", "sellingGeneralAndAdministrative": "459000000", "researchAndDevelopment": "157000000", "operatingExpenses": "802000000", "investmentIncomeNet": "None", "netInterestIncome": "-72000000", "interestIncome": "72000000", "interestExpense": "72000000", "nonInterestIncome": "None", "otherNonOperatingIncome": "None", "depreciation": "None", "depreciationAndAmortization": "303000000", "incomeBeforeTax": "285000000", "incomeTaxExpense": "39000000", "interestAndDebtExpense": "None", "netIncomeFromContinuingOperations": "246000000", "comprehensiveIncomeNetOfTax": "None", "ebit": "355000000", "ebitda": "658000000", "netIncome": "244000000"}, {"fiscalDateEnding": "2021-12-31", "reportedCurrency": "USD", "grossProfit": "981000000", "totalRevenue": "3031000000", "costOfRevenue": "2050000000", "costofGoodsAndServicesSold": "2050000000", "operatingIncome": "173000000", "sellingGeneralAndAdministrative": "450000000", "researchAndDevelopment": "166000000", "operatingExpenses": "801000000", "investmentIncomeNet": "None", "netInterestIncome": "-73000000", "interestIncome": "73000000", "interestExpense": "73000000", "nonInterestIncome": "None", "otherNonOperatingIncome": "14000000", "depreciation": "None", "depreciationAndAmortization": "295000000", "incomeBeforeTax": "114000000", "incomeTaxExpense": "22000000", "interestAndDebtExpense": "None", "netIncomeFromContinuingOperations": "92000000", "comprehensiveIncomeNetOfTax": "None", "ebit": "185000000", "ebitda": "480000000", "netIncome": "90000000"}, {"fiscalDateEnding": "2021-09-30", "reportedCurrency": "USD", "grossProfit": "1090000000", "totalRevenue": "3071000000", "costOfRevenue": "1981000000", "costofGoodsAndServicesSold": "1981000000", "operatingIncome": "298000000", "sellingGeneralAndAdministrative": "436000000", "researchAndDevelopment": "156000000", "operatingExpenses": "787000000", "investmentIncomeNet": "None", "netInterestIncome": "-74000000", "interestIncome": "74000000", "interestExpense": "74000000", "nonInterestIncome": "None", "otherNonOperatingIncome": "26000000", "depreciation": "None", "depreciationAndAmortization": "297000000", "incomeBeforeTax": "250000000", "incomeTaxExpense": "53000000", "interestAndDebtExpense": "None", "netIncomeFromContinuingOperations": "189000000", "comprehensiveIncomeNetOfTax": "None", "ebit": "321000000", "ebitda": "618000000", "netIncome": "194000000"}, {"fiscalDateEnding": "2021-06-30", "reportedCurrency": "USD", "grossProfit": "910000000", "totalRevenue": "3089000000", "costOfRevenue": "2179000000", "costofGoodsAndServicesSold": "2179000000", "operatingIncome": "110000000", "sellingGeneralAndAdministrative": "412000000", "researchAndDevelopment": "164000000", "operatingExpenses": "776000000", "investmentIncomeNet": "None", "netInterestIncome": "-77000000", "interestIncome": "77000000", "interestExpense": "77000000", "nonInterestIncome": "None", "otherNonOperatingIncome": "11000000", "depreciation": "None", "depreciationAndAmortization": "322000000", "incomeBeforeTax": "44000000", "incomeTaxExpense": "14000000", "interestAndDebtExpense": "None", "netIncomeFromContinuingOperations": "30000000", "comprehensiveIncomeNetOfTax": "None", "ebit": "119000000", "ebitda": "441000000", "netIncome": "28000000"}, {"fiscalDateEnding": "2021-03-31", "reportedCurrency": "USD", "grossProfit": "754000000", "totalRevenue": "2465000000", "costOfRevenue": "1711000000", "costofGoodsAndServicesSold": "1711000000", "operatingIncome": "4000000", "sellingGeneralAndAdministrative": "451000000", "researchAndDevelopment": "143000000", "operatingExpenses": "746000000", "investmentIncomeNet": "None", "netInterestIncome": "-65000000", "interestIncome": "65000000", "interestExpense": "65000000", "nonInterestIncome": "None", "otherNonOperatingIncome": "7000000", "depreciation": "None", "depreciationAndAmortization": "242000000", "incomeBeforeTax": "-54000000", "incomeTaxExpense": "-14000000", "interestAndDebtExpense": "None", "netIncomeFromContinuingOperations": "-31000000", "comprehensiveIncomeNetOfTax": "None", "ebit": "9000000", "ebitda": "251000000", "netIncome": "-42000000"}, {"fiscalDateEnding": "2020-12-31", "reportedCurrency": "USD", "grossProfit": "513730000", "totalRevenue": "1270073000", "costOfRevenue": "756343000", "costofGoodsAndServicesSold": "756343000", "operatingIncome": "100603000", "sellingGeneralAndAdministrative": "460121000", "researchAndDevelopment": "100038000", "operatingExpenses": "413127000", "investmentIncomeNet": "None", "netInterestIncome": "-32756000", "interestIncome": "32756000", "interestExpense": "32756000", "nonInterestIncome": "None", "otherNonOperatingIncome": "11451000", "depreciation": "None", "depreciationAndAmortization": "81784000", "incomeBeforeTax": "79298000", "incomeTaxExpense": "12734000", "interestAndDebtExpense": "None", "netIncomeFromContinuingOperations": "-3676000", "comprehensiveIncomeNetOfTax": "None", "ebit": "112054000", "ebitda": "193838000", "netIncome": "64428000"}, {"fiscalDateEnding": "2020-09-30", "reportedCurrency": "USD", "grossProfit": "524000000", "totalRevenue": "1268000000", "costOfRevenue": "744000000", "costofGoodsAndServicesSold": "744000000", "operatingIncome": "150000000", "sellingGeneralAndAdministrative": "234520000", "researchAndDevelopment": "89000000", "operatingExpenses": "374000000", "investmentIncomeNet": "None", "netInterestIncome": "-34844000", "interestIncome": "34844000", "interestExpense": "35000000", "nonInterestIncome": "None", "otherNonOperatingIncome": "-9945000", "depreciation": "None", "depreciationAndAmortization": "83000000", "incomeBeforeTax": "105000000", "incomeTaxExpense": "19000000", "interestAndDebtExpense": "None", "netIncomeFromContinuingOperations": "89738000", "comprehensiveIncomeNetOfTax": "None", "ebit": "140000000", "ebitda": "223000000", "netIncome": "85000000"}, {"fiscalDateEnding": "2020-06-30", "reportedCurrency": "USD", "grossProfit": "482000000", "totalRevenue": "1199000000", "costOfRevenue": "717000000", "costofGoodsAndServicesSold": "717000000", "operatingIncome": "120000000", "sellingGeneralAndAdministrative": "230407000", "researchAndDevelopment": "81000000", "operatingExpenses": "362000000", "investmentIncomeNet": "None", "netInterestIncome": "-32062000", "interestIncome": "32062000", "interestExpense": "32000000", "nonInterestIncome": "None", "otherNonOperatingIncome": "15757000", "depreciation": "None", "depreciationAndAmortization": "80000000", "incomeBeforeTax": "104000000", "incomeTaxExpense": "16000000", "interestAndDebtExpense": "None", "netIncomeFromContinuingOperations": "90741000", "comprehensiveIncomeNetOfTax": "None", "ebit": "136000000", "ebitda": "216000000", "netIncome": "87000000"}, {"fiscalDateEnding": "2020-03-31", "reportedCurrency": "USD", "grossProfit": "566000000", "totalRevenue": "1347000000", "costOfRevenue": "781000000", "costofGoodsAndServicesSold": "781000000", "operatingIncome": "196000000", "sellingGeneralAndAdministrative": "229714000", "researchAndDevelopment": "86000000", "operatingExpenses": "370000000", "investmentIncomeNet": "None", "netInterestIncome": "-32140000", "interestIncome": "32140000", "interestExpense": "32000000", "nonInterestIncome": "None", "otherNonOperatingIncome": "-10574000", "depreciation": "None", "depreciationAndAmortization": "81000000", "incomeBeforeTax": "153000000", "incomeTaxExpense": "26000000", "interestAndDebtExpense": "None", "netIncomeFromContinuingOperations": "130728000", "comprehensiveIncomeNetOfTax": "None", "ebit": "185000000", "ebitda": "266000000", "netIncome": "124000000"}, {"fiscalDateEnding": "2019-12-31", "reportedCurrency": "USD", "grossProfit": "502162000", "totalRevenue": "1283769000", "costOfRevenue": "781607000", "costofGoodsAndServicesSold": "781607000", "operatingIncome": "116799000", "sellingGeneralAndAdministrative": "242010000", "researchAndDevelopment": "85639000", "operatingExpenses": "385363000", "investmentIncomeNet": "None", "netInterestIncome": "-35559000", "interestIncome": "42400000", "interestExpense": "35559000", "nonInterestIncome": "None", "otherNonOperatingIncome": "15289000", "depreciation": "None", "depreciationAndAmortization": "87901000", "incomeBeforeTax": "96529000", "incomeTaxExpense": "16151000", "interestAndDebtExpense": "None", "netIncomeFromContinuingOperations": "36528000", "comprehensiveIncomeNetOfTax": "None", "ebit": "132088000", "ebitda": "219989000", "netIncome": "83543000"}, {"fiscalDateEnding": "2019-09-30", "reportedCurrency": "USD", "grossProfit": "533088000", "totalRevenue": "1267345000", "costOfRevenue": "734257000", "costofGoodsAndServicesSold": "734257000", "operatingIncome": "184664000", "sellingGeneralAndAdministrative": "210829000", "researchAndDevelopment": "85077000", "operatingExpenses": "348424000", "investmentIncomeNet": "None", "netInterestIncome": "-33497000", "interestIncome": "29105000", "interestExpense": "33497000", "nonInterestIncome": "None", "otherNonOperatingIncome": "5699000", "depreciation": "None", "depreciationAndAmortization": "80615000", "incomeBeforeTax": "156866000", "incomeTaxExpense": "27059000", "interestAndDebtExpense": "None", "netIncomeFromContinuingOperations": "132528000", "comprehensiveIncomeNetOfTax": "None", "ebit": "190363000", "ebitda": "270978000", "netIncome": "128860000"}, {"fiscalDateEnding": "2019-06-30", "reportedCurrency": "USD", "grossProfit": "546239000", "totalRevenue": "1291568000", "costOfRevenue": "745329000", "costofGoodsAndServicesSold": "745329000", "operatingIncome": "199937000", "sellingGeneralAndAdministrative": "210100000", "researchAndDevelopment": "84816000", "operatingExpenses": "346302000", "investmentIncomeNet": "None", "netInterestIncome": "-32593000", "interestIncome": "28661000", "interestExpense": "32593000", "nonInterestIncome": "None", "otherNonOperatingIncome": "2137000", "depreciation": "None", "depreciationAndAmortization": "73039000", "incomeBeforeTax": "169481000", "incomeTaxExpense": "30612000", "interestAndDebtExpense": "None", "netIncomeFromContinuingOperations": "141463000", "comprehensiveIncomeNetOfTax": "None", "ebit": "202074000", "ebitda": "275113000", "netIncome": "135864000"}, {"fiscalDateEnding": "2019-03-31", "reportedCurrency": "USD", "grossProfit": "531259000", "totalRevenue": "1297402000", "costOfRevenue": "766143000", "costofGoodsAndServicesSold": "766143000", "operatingIncome": "163870000", "sellingGeneralAndAdministrative": "213182000", "researchAndDevelopment": "90596000", "operatingExpenses": "367389000", "investmentIncomeNet": "None", "netInterestIncome": "-36572000", "interestIncome": "35646000", "interestExpense": "36572000", "nonInterestIncome": "None", "otherNonOperatingIncome": "7278000", "depreciation": "None", "depreciationAndAmortization": "81775000", "incomeBeforeTax": "134576000", "incomeTaxExpense": "23362000", "interestAndDebtExpense": "None", "netIncomeFromContinuingOperations": "113807000", "comprehensiveIncomeNetOfTax": "None", "ebit": "171148000", "ebitda": "252923000", "netIncome": "108829000"}, {"fiscalDateEnding": "2018-12-31", "reportedCurrency": "USD", "grossProfit": "477515000", "totalRevenue": "1219047000", "costOfRevenue": "741532000", "costofGoodsAndServicesSold": "741532000", "operatingIncome": "95249000", "sellingGeneralAndAdministrative": "249614000", "researchAndDevelopment": "83038000", "operatingExpenses": "382266000", "investmentIncomeNet": "None", "netInterestIncome": "None", "interestIncome": "None", "interestExpense": "38803000", "nonInterestIncome": "None", "otherNonOperatingIncome": "-28956000", "depreciation": "None", "depreciationAndAmortization": "77798000", "incomeBeforeTax": "66300000", "incomeTaxExpense": "50800000", "interestAndDebtExpense": "None", "netIncomeFromContinuingOperations": "27179000", "comprehensiveIncomeNetOfTax": "None", "ebit": "105103000", "ebitda": "182901000", "netIncome": "13021000"}, {"fiscalDateEnding": "2018-09-30", "reportedCurrency": "USD", "grossProfit": "400666000", "totalRevenue": "907548000", "costOfRevenue": "506882000", "costofGoodsAndServicesSold": "506882000", "operatingIncome": "159268000", "sellingGeneralAndAdministrative": "157796000", "researchAndDevelopment": "75302000", "operatingExpenses": "241398000", "investmentIncomeNet": "None", "netInterestIncome": "None", "interestIncome": "None", "interestExpense": "23914000", "nonInterestIncome": "None", "otherNonOperatingIncome": "4158000", "depreciation": "None", "depreciationAndAmortization": "31026000", "incomeBeforeTax": "100702000", "incomeTaxExpense": "4986000", "interestAndDebtExpense": "None", "netIncomeFromContinuingOperations": "98275000", "comprehensiveIncomeNetOfTax": "None", "ebit": "124616000", "ebitda": "155642000", "netIncome": "95716000"}, {"fiscalDateEnding": "2018-06-30", "reportedCurrency": "USD", "grossProfit": "398717000", "totalRevenue": "920016000", "costOfRevenue": "521299000", "costofGoodsAndServicesSold": "521299000", "operatingIncome": "154509000", "sellingGeneralAndAdministrative": "157407000", "researchAndDevelopment": "74767000", "operatingExpenses": "244208000", "investmentIncomeNet": "None", "netInterestIncome": "None", "interestIncome": "None", "interestExpense": "53246000", "nonInterestIncome": "None", "otherNonOperatingIncome": "20655000", "depreciation": "None", "depreciationAndAmortization": "31584000", "incomeBeforeTax": "121918000", "incomeTaxExpense": "22769000", "interestAndDebtExpense": "None", "netIncomeFromContinuingOperations": "102039000", "comprehensiveIncomeNetOfTax": "None", "ebit": "175164000", "ebitda": "206748000", "netIncome": "99149000"}, {"fiscalDateEnding": "2018-03-31", "reportedCurrency": "USD", "grossProfit": "405809000", "totalRevenue": "930928000", "costOfRevenue": "525119000", "costofGoodsAndServicesSold": "525119000", "operatingIncome": "174856000", "sellingGeneralAndAdministrative": "142644000", "researchAndDevelopment": "78476000", "operatingExpenses": "230953000", "investmentIncomeNet": "None", "netInterestIncome": "None", "interestIncome": "None", "interestExpense": "16595000", "nonInterestIncome": "None", "otherNonOperatingIncome": "576000", "depreciation": "None", "depreciationAndAmortization": "33384000", "incomeBeforeTax": "158837000", "incomeTaxExpense": "29421000", "interestAndDebtExpense": "None", "netIncomeFromContinuingOperations": "132045000", "comprehensiveIncomeNetOfTax": "None", "ebit": "175432000", "ebitda": "208816000", "netIncome": "129416000"}, {"fiscalDateEnding": "2017-12-31", "reportedCurrency": "USD", "grossProfit": "357690000", "totalRevenue": "854625000", "costOfRevenue": "496935000", "costofGoodsAndServicesSold": "496935000", "operatingIncome": "127198000", "sellingGeneralAndAdministrative": "139598000", "researchAndDevelopment": "75063000", "operatingExpenses": "230492000", "investmentIncomeNet": "None", "netInterestIncome": "None", "interestIncome": "None", "interestExpense": "15779000", "nonInterestIncome": "None", "otherNonOperatingIncome": "3774000", "depreciation": "None", "depreciationAndAmortization": "32521000", "incomeBeforeTax": "115192000", "incomeTaxExpense": "155347000", "interestAndDebtExpense": "None", "netIncomeFromContinuingOperations": "-45383000", "comprehensiveIncomeNetOfTax": "None", "ebit": "130971000", "ebitda": "163492000", "netIncome": "-40155000"}, {"fiscalDateEnding": "2017-09-30", "reportedCurrency": "USD", "grossProfit": "380398000", "totalRevenue": "872940000", "costOfRevenue": "492542000", "costofGoodsAndServicesSold": "492542000", "operatingIncome": "149000000", "sellingGeneralAndAdministrative": "141473000", "researchAndDevelopment": "73762000", "operatingExpenses": "231398000", "investmentIncomeNet": "None", "netInterestIncome": "None", "interestIncome": "None", "interestExpense": "19221000", "nonInterestIncome": "None", "otherNonOperatingIncome": "2880000", "depreciation": "None", "depreciationAndAmortization": "29641000", "incomeBeforeTax": "141326000", "incomeTaxExpense": "31065000", "interestAndDebtExpense": "None", "netIncomeFromContinuingOperations": "114106000", "comprehensiveIncomeNetOfTax": "None", "ebit": "160547000", "ebitda": "190188000", "netIncome": "110261000"}, {"fiscalDateEnding": "2017-06-30", "reportedCurrency": "USD", "grossProfit": "372984000", "totalRevenue": "842861000", "costOfRevenue": "469877000", "costofGoodsAndServicesSold": "469877000", "operatingIncome": "151687000", "sellingGeneralAndAdministrative": "135910000", "researchAndDevelopment": "72761000", "operatingExpenses": "221297000", "investmentIncomeNet": "None", "netInterestIncome": "None", "interestIncome": "None", "interestExpense": "17556000", "nonInterestIncome": "None", "otherNonOperatingIncome": "454000", "depreciation": "None", "depreciationAndAmortization": "29003000", "incomeBeforeTax": "142040000", "incomeTaxExpense": "32245000", "interestAndDebtExpense": "None", "netIncomeFromContinuingOperations": "113483000", "comprehensiveIncomeNetOfTax": "None", "ebit": "159596000", "ebitda": "188599000", "netIncome": "109795000"}, {"fiscalDateEnding": "2017-03-31", "reportedCurrency": "USD", "grossProfit": "363083000", "totalRevenue": "828293000", "costOfRevenue": "465210000", "costofGoodsAndServicesSold": "465210000", "operatingIncome": "130065000", "sellingGeneralAndAdministrative": "140330000", "researchAndDevelopment": "72126000", "operatingExpenses": "233018000", "investmentIncomeNet": "None", "netInterestIncome": "None", "interestIncome": "None", "interestExpense": "12807000", "nonInterestIncome": "None", "otherNonOperatingIncome": "13857000", "depreciation": "None", "depreciationAndAmortization": "26802000", "incomeBeforeTax": "138487000", "incomeTaxExpense": "22723000", "interestAndDebtExpense": "None", "netIncomeFromContinuingOperations": "119399000", "comprehensiveIncomeNetOfTax": "None", "ebit": "151294000", "ebitda": "178096000", "netIncome": "115764000"}, {"fiscalDateEnding": "2016-12-31", "reportedCurrency": "USD", "grossProfit": "326953000", "totalRevenue": "762560000", "costOfRevenue": "435607000", "costofGoodsAndServicesSold": "435607000", "operatingIncome": "111322000", "sellingGeneralAndAdministrative": "157852000", "researchAndDevelopment": "63211000", "operatingExpenses": "215631000", "investmentIncomeNet": "None", "netInterestIncome": "None", "interestIncome": "None", "interestExpense": "12340000", "nonInterestIncome": "None", "otherNonOperatingIncome": "None", "depreciation": "None", "depreciationAndAmortization": "27360000", "incomeBeforeTax": "103380000", "incomeTaxExpense": "23463000", "interestAndDebtExpense": "None", "netIncomeFromContinuingOperations": "-287106000", "comprehensiveIncomeNetOfTax": "None", "ebit": "115720000", "ebitda": "143080000", "netIncome": "79917000"}, {"fiscalDateEnding": "2016-09-30", "reportedCurrency": "USD", "grossProfit": "346268000", "totalRevenue": "777001000", "costOfRevenue": "430733000", "costofGoodsAndServicesSold": "430733000", "operatingIncome": "124426000", "sellingGeneralAndAdministrative": "152046000", "researchAndDevelopment": "64415000", "operatingExpenses": "221842000", "investmentIncomeNet": "None", "netInterestIncome": "None", "interestIncome": "None", "interestExpense": "13111000", "nonInterestIncome": "None", "otherNonOperatingIncome": "2162000", "depreciation": "None", "depreciationAndAmortization": "25366000", "incomeBeforeTax": "113390000", "incomeTaxExpense": "23613000", "interestAndDebtExpense": "None", "netIncomeFromContinuingOperations": "92363000", "comprehensiveIncomeNetOfTax": "None", "ebit": "126501000", "ebitda": "151867000", "netIncome": "89777000"}, {"fiscalDateEnding": "2016-06-30", "reportedCurrency": "USD", "grossProfit": "365641000", "totalRevenue": "793478000", "costOfRevenue": "427837000", "costofGoodsAndServicesSold": "427837000", "operatingIncome": "164672000", "sellingGeneralAndAdministrative": "132784000", "researchAndDevelopment": "63252000", "operatingExpenses": "200969000", "investmentIncomeNet": "None", "netInterestIncome": "None", "interestIncome": "None", "interestExpense": "15060000", "nonInterestIncome": "None", "otherNonOperatingIncome": "2635000", "depreciation": "None", "depreciationAndAmortization": "23046000", "incomeBeforeTax": "152050000", "incomeTaxExpense": "35317000", "interestAndDebtExpense": "None", "netIncomeFromContinuingOperations": "119311000", "comprehensiveIncomeNetOfTax": "None", "ebit": "167110000", "ebitda": "190156000", "netIncome": "116733000"}, {"fiscalDateEnding": "2016-03-31", "reportedCurrency": "USD", "grossProfit": "360209000", "totalRevenue": "783312000", "costOfRevenue": "423103000", "costofGoodsAndServicesSold": "423103000", "operatingIncome": "169933000", "sellingGeneralAndAdministrative": "123543000", "researchAndDevelopment": "63385000", "operatingExpenses": "190276000", "investmentIncomeNet": "None", "netInterestIncome": "None", "interestIncome": "None", "interestExpense": "12478000", "nonInterestIncome": "None", "otherNonOperatingIncome": "154000", "depreciation": "None", "depreciationAndAmortization": "26697000", "incomeBeforeTax": "154896000", "incomeTaxExpense": "36293000", "interestAndDebtExpense": "None", "netIncomeFromContinuingOperations": "121158000", "comprehensiveIncomeNetOfTax": "None", "ebit": "167374000", "ebitda": "194071000", "netIncome": "118603000"}, {"fiscalDateEnding": "2015-12-31", "reportedCurrency": "USD", "grossProfit": "313156000", "totalRevenue": "715649000", "costOfRevenue": "402493000", "costofGoodsAndServicesSold": "402493000", "operatingIncome": "121019000", "sellingGeneralAndAdministrative": "126997000", "researchAndDevelopment": "57376000", "operatingExpenses": "192137000", "investmentIncomeNet": "None", "netInterestIncome": "None", "interestIncome": "None", "interestExpense": "11705000", "nonInterestIncome": "None", "otherNonOperatingIncome": "-6499000", "depreciation": "None", "depreciationAndAmortization": "24498000", "incomeBeforeTax": "102815000", "incomeTaxExpense": "23648000", "interestAndDebtExpense": "None", "netIncomeFromContinuingOperations": "116784000", "comprehensiveIncomeNetOfTax": "None", "ebit": "114520000", "ebitda": "139018000", "netIncome": "79167000"}, {"fiscalDateEnding": "2015-09-30", "reportedCurrency": "USD", "grossProfit": "347126000", "totalRevenue": "765092000", "costOfRevenue": "417966000", "costofGoodsAndServicesSold": "417966000", "operatingIncome": "156713000", "sellingGeneralAndAdministrative": "127663000", "researchAndDevelopment": "62750000", "operatingExpenses": "190413000", "investmentIncomeNet": "None", "netInterestIncome": "None", "interestIncome": "None", "interestExpense": "11855000", "nonInterestIncome": "None", "otherNonOperatingIncome": "-1959000", "depreciation": "None", "depreciationAndAmortization": "24058000", "incomeBeforeTax": "142899000", "incomeTaxExpense": "36452000", "interestAndDebtExpense": "None", "netIncomeFromContinuingOperations": "111925000", "comprehensiveIncomeNetOfTax": "None", "ebit": "154754000", "ebitda": "178812000", "netIncome": "106447000"}, {"fiscalDateEnding": "2015-06-30", "reportedCurrency": "USD", "grossProfit": "345040000", "totalRevenue": "767541000", "costOfRevenue": "422501000", "costofGoodsAndServicesSold": "422501000", "operatingIncome": "148821000", "sellingGeneralAndAdministrative": "134063000", "researchAndDevelopment": "62514000", "operatingExpenses": "196219000", "investmentIncomeNet": "None", "netInterestIncome": "None", "interestIncome": "None", "interestExpense": "11407000", "nonInterestIncome": "None", "otherNonOperatingIncome": "-436000", "depreciation": "None", "depreciationAndAmortization": "21056000", "incomeBeforeTax": "136978000", "incomeTaxExpense": "31604000", "interestAndDebtExpense": "None", "netIncomeFromContinuingOperations": "110850000", "comprehensiveIncomeNetOfTax": "None", "ebit": "148385000", "ebitda": "169441000", "netIncome": "105374000"}, {"fiscalDateEnding": "2015-03-31", "reportedCurrency": "USD", "grossProfit": "346277000", "totalRevenue": "774907000", "costOfRevenue": "428630000", "costofGoodsAndServicesSold": "428630000", "operatingIncome": "161793000", "sellingGeneralAndAdministrative": "120835000", "researchAndDevelopment": "63462000", "operatingExpenses": "184484000", "investmentIncomeNet": "None", "netInterestIncome": "None", "interestIncome": "None", "interestExpense": "11095000", "nonInterestIncome": "None", "otherNonOperatingIncome": "5710000", "depreciation": "None", "depreciationAndAmortization": "19985000", "incomeBeforeTax": "156408000", "incomeTaxExpense": "28150000", "interestAndDebtExpense": "None", "netIncomeFromContinuingOperations": "133805000", "comprehensiveIncomeNetOfTax": "None", "ebit": "167503000", "ebitda": "187488000", "netIncome": "128258000"}, {"fiscalDateEnding": "2014-12-31", "reportedCurrency": "USD", "grossProfit": "327980000", "totalRevenue": "756082000", "costOfRevenue": "428102000", "costofGoodsAndServicesSold": "428102000", "operatingIncome": "130948000", "sellingGeneralAndAdministrative": "135027000", "researchAndDevelopment": "62005000", "operatingExpenses": "327980000", "investmentIncomeNet": "None", "netInterestIncome": "None", "interestIncome": "None", "interestExpense": "12019000", "nonInterestIncome": "None", "otherNonOperatingIncome": "None", "depreciation": "None", "depreciationAndAmortization": "20676000", "incomeBeforeTax": "117589000", "incomeTaxExpense": "27454000", "interestAndDebtExpense": "None", "netIncomeFromContinuingOperations": "414543000", "comprehensiveIncomeNetOfTax": "None", "ebit": "129608000", "ebitda": "150284000", "netIncome": "90135000"}, {"fiscalDateEnding": "2014-09-30", "reportedCurrency": "USD", "grossProfit": "340111000", "totalRevenue": "773813000", "costOfRevenue": "433702000", "costofGoodsAndServicesSold": "433702000", "operatingIncome": "152590000", "sellingGeneralAndAdministrative": "123212000", "researchAndDevelopment": "63701000", "operatingExpenses": "187521000", "investmentIncomeNet": "None", "netInterestIncome": "None", "interestIncome": "None", "interestExpense": "10968000", "nonInterestIncome": "None", "otherNonOperatingIncome": "563000", "depreciation": "None", "depreciationAndAmortization": "19547000", "incomeBeforeTax": "142185000", "incomeTaxExpense": "34770000", "interestAndDebtExpense": "None", "netIncomeFromContinuingOperations": "111366000", "comprehensiveIncomeNetOfTax": "None", "ebit": "153153000", "ebitda": "172700000", "netIncome": "107415000"}, {"fiscalDateEnding": "2014-06-30", "reportedCurrency": "USD", "grossProfit": "352647000", "totalRevenue": "788414000", "costOfRevenue": "435767000", "costofGoodsAndServicesSold": "435767000", "operatingIncome": "153115000", "sellingGeneralAndAdministrative": "132919000", "researchAndDevelopment": "66431000", "operatingExpenses": "199532000", "investmentIncomeNet": "None", "netInterestIncome": "None", "interestIncome": "None", "interestExpense": "11403000", "nonInterestIncome": "None", "otherNonOperatingIncome": "4641000", "depreciation": "None", "depreciationAndAmortization": "26301000", "incomeBeforeTax": "146353000", "incomeTaxExpense": "36068000", "interestAndDebtExpense": "None", "netIncomeFromContinuingOperations": "114685000", "comprehensiveIncomeNetOfTax": "None", "ebit": "157756000", "ebitda": "184057000", "netIncome": "110285000"}, {"fiscalDateEnding": "2014-03-31", "reportedCurrency": "USD", "grossProfit": "341412000", "totalRevenue": "770224000", "costOfRevenue": "428812000", "costofGoodsAndServicesSold": "428812000", "operatingIncome": "156053000", "sellingGeneralAndAdministrative": "123733000", "researchAndDevelopment": "61504000", "operatingExpenses": "185359000", "investmentIncomeNet": "None", "netInterestIncome": "None", "interestIncome": "None", "interestExpense": "11677000", "nonInterestIncome": "None", "otherNonOperatingIncome": "-1443000", "depreciation": "None", "depreciationAndAmortization": "22830000", "incomeBeforeTax": "142933000", "incomeTaxExpense": "36226000", "interestAndDebtExpense": "None", "netIncomeFromContinuingOperations": "111072000", "comprehensiveIncomeNetOfTax": "None", "ebit": "154610000", "ebitda": "177440000", "netIncome": "106707000"}, {"fiscalDateEnding": "2013-12-31", "reportedCurrency": "USD", "grossProfit": "313455000", "totalRevenue": "725169000", "costOfRevenue": "411714000", "costofGoodsAndServicesSold": "411714000", "operatingIncome": "94855000", "sellingGeneralAndAdministrative": "148190000", "researchAndDevelopment": "70410000", "operatingExpenses": "313455000", "investmentIncomeNet": "None", "netInterestIncome": "None", "interestIncome": "None", "interestExpense": "11130000", "nonInterestIncome": "None", "otherNonOperatingIncome": "-720000", "depreciation": "None", "depreciationAndAmortization": "22143000", "incomeBeforeTax": "82958000", "incomeTaxExpense": "21479000", "interestAndDebtExpense": "None", "netIncomeFromContinuingOperations": "71397000", "comprehensiveIncomeNetOfTax": "None", "ebit": "94088000", "ebitda": "116231000", "netIncome": "61479000"}, {"fiscalDateEnding": "2013-09-30", "reportedCurrency": "USD", "grossProfit": "325404000", "totalRevenue": "742256000", "costOfRevenue": "416852000", "costofGoodsAndServicesSold": "416852000", "operatingIncome": "141529000", "sellingGeneralAndAdministrative": "118221000", "researchAndDevelopment": "65654000", "operatingExpenses": "325404000", "investmentIncomeNet": "None", "netInterestIncome": "None", "interestIncome": "None", "interestExpense": "11625000", "nonInterestIncome": "None", "otherNonOperatingIncome": "4080000", "depreciation": "None", "depreciationAndAmortization": "21277000", "incomeBeforeTax": "133984000", "incomeTaxExpense": "34938000", "interestAndDebtExpense": "None", "netIncomeFromContinuingOperations": "104172000", "comprehensiveIncomeNetOfTax": "None", "ebit": "145609000", "ebitda": "166886000", "netIncome": "99046000"}, {"fiscalDateEnding": "2013-06-30", "reportedCurrency": "USD", "grossProfit": "333986000", "totalRevenue": "757635000", "costOfRevenue": "423649000", "costofGoodsAndServicesSold": "423649000", "operatingIncome": "144501000", "sellingGeneralAndAdministrative": "124813000", "researchAndDevelopment": "64672000", "operatingExpenses": "333986000", "investmentIncomeNet": "None", "netInterestIncome": "None", "interestIncome": "None", "interestExpense": "12860000", "nonInterestIncome": "None", "otherNonOperatingIncome": "11209000", "depreciation": "None", "depreciationAndAmortization": "20402000", "incomeBeforeTax": "140745000", "incomeTaxExpense": "38423000", "interestAndDebtExpense": "None", "netIncomeFromContinuingOperations": "107410000", "comprehensiveIncomeNetOfTax": "None", "ebit": "153605000", "ebitda": "174007000", "netIncome": "102322000"}, {"fiscalDateEnding": "2013-03-31", "reportedCurrency": "USD", "grossProfit": "311360000", "totalRevenue": "727836000", "costOfRevenue": "416476000", "costofGoodsAndServicesSold": "416476000", "operatingIncome": "137606000", "sellingGeneralAndAdministrative": "114653000", "researchAndDevelopment": "59101000", "operatingExpenses": "311360000", "investmentIncomeNet": "None", "netInterestIncome": "None", "interestIncome": "None", "interestExpense": "11152000", "nonInterestIncome": "None", "otherNonOperatingIncome": "1069000", "depreciation": "None", "depreciationAndAmortization": "19405000", "incomeBeforeTax": "127523000", "incomeTaxExpense": "36826000", "interestAndDebtExpense": "None", "netIncomeFromContinuingOperations": "95829000", "comprehensiveIncomeNetOfTax": "None", "ebit": "138675000", "ebitda": "158080000", "netIncome": "90697000"}, {"fiscalDateEnding": "2012-12-31", "reportedCurrency": "USD", "grossProfit": "287068000", "totalRevenue": "680558000", "costOfRevenue": "393490000", "costofGoodsAndServicesSold": "393490000", "operatingIncome": "99229000", "sellingGeneralAndAdministrative": "125593000", "researchAndDevelopment": "62246000", "operatingExpenses": "287068000", "investmentIncomeNet": "None", "netInterestIncome": "None", "interestIncome": "None", "interestExpense": "10423000", "nonInterestIncome": "None", "otherNonOperatingIncome": "None", "depreciation": "None", "depreciationAndAmortization": "20335000", "incomeBeforeTax": "88689000", "incomeTaxExpense": "20571000", "interestAndDebtExpense": "None", "netIncomeFromContinuingOperations": "0", "comprehensiveIncomeNetOfTax": "None", "ebit": "99112000", "ebitda": "119447000", "netIncome": "68118000"}, {"fiscalDateEnding": "2012-09-30", "reportedCurrency": "USD", "grossProfit": "301524000", "totalRevenue": "708955000", "costOfRevenue": "407431000", "costofGoodsAndServicesSold": "407431000", "operatingIncome": "134175000", "sellingGeneralAndAdministrative": "109691000", "researchAndDevelopment": "57658000", "operatingExpenses": "301524000", "investmentIncomeNet": "None", "netInterestIncome": "None", "interestIncome": "None", "interestExpense": "9907000", "nonInterestIncome": "None", "otherNonOperatingIncome": "None", "depreciation": "None", "depreciationAndAmortization": "19238000", "incomeBeforeTax": "121844000", "incomeTaxExpense": "105481000", "interestAndDebtExpense": "None", "netIncomeFromContinuingOperations": "0", "comprehensiveIncomeNetOfTax": "None", "ebit": "131751000", "ebitda": "150989000", "netIncome": "16363000"}, {"fiscalDateEnding": "2012-06-30", "reportedCurrency": "USD", "grossProfit": "301543000", "totalRevenue": "721317000", "costOfRevenue": "419774000", "costofGoodsAndServicesSold": "419774000", "operatingIncome": "132308000", "sellingGeneralAndAdministrative": "112835000", "researchAndDevelopment": "56400000", "operatingExpenses": "301543000", "investmentIncomeNet": "None", "netInterestIncome": "None", "interestIncome": "None", "interestExpense": "10613000", "nonInterestIncome": "None", "otherNonOperatingIncome": "None", "depreciation": "None", "depreciationAndAmortization": "18055000", "incomeBeforeTax": "122540000", "incomeTaxExpense": "33944000", "interestAndDebtExpense": "None", "netIncomeFromContinuingOperations": "0", "comprehensiveIncomeNetOfTax": "None", "ebit": "133153000", "ebitda": "151208000", "netIncome": "88596000"}, {"fiscalDateEnding": "2012-03-31", "reportedCurrency": "USD", "grossProfit": "285399000", "totalRevenue": "710616000", "costOfRevenue": "425217000", "costofGoodsAndServicesSold": "425217000", "operatingIncome": "122575000", "sellingGeneralAndAdministrative": "105416000", "researchAndDevelopment": "57408000", "operatingExpenses": "285399000", "investmentIncomeNet": "None", "netInterestIncome": "None", "interestIncome": "None", "interestExpense": "10811000", "nonInterestIncome": "None", "otherNonOperatingIncome": "None", "depreciation": "None", "depreciationAndAmortization": "19039000", "incomeBeforeTax": "110342000", "incomeTaxExpense": "29286000", "interestAndDebtExpense": "None", "netIncomeFromContinuingOperations": "0", "comprehensiveIncomeNetOfTax": "None", "ebit": "121153000", "ebitda": "140192000", "netIncome": "81056000"}, {"fiscalDateEnding": "2011-12-31", "reportedCurrency": "USD", "grossProfit": "244398000", "totalRevenue": "644383000", "costOfRevenue": "399985000", "costofGoodsAndServicesSold": "399985000", "operatingIncome": "57591000", "sellingGeneralAndAdministrative": "134348000", "researchAndDevelopment": "52459000", "operatingExpenses": "244398000", "investmentIncomeNet": "None", "netInterestIncome": "None", "interestIncome": "None", "interestExpense": "10670000", "nonInterestIncome": "None", "otherNonOperatingIncome": "None", "depreciation": "None", "depreciationAndAmortization": "19082000", "incomeBeforeTax": "40530000", "incomeTaxExpense": "16136000", "interestAndDebtExpense": "None", "netIncomeFromContinuingOperations": "0", "comprehensiveIncomeNetOfTax": "None", "ebit": "51200000", "ebitda": "70282000", "netIncome": "24394000"}, {"fiscalDateEnding": "2011-09-30", "reportedCurrency": "USD", "grossProfit": "278375000", "totalRevenue": "713775000", "costOfRevenue": "435400000", "costofGoodsAndServicesSold": "435400000", "operatingIncome": "127955000", "sellingGeneralAndAdministrative": "96783000", "researchAndDevelopment": "53637000", "operatingExpenses": "278375000", "investmentIncomeNet": "None", "netInterestIncome": "None", "interestIncome": "None", "interestExpense": "10280000", "nonInterestIncome": "None", "otherNonOperatingIncome": "-5846000", "depreciation": "None", "depreciationAndAmortization": "18889000", "incomeBeforeTax": "112474000", "incomeTaxExpense": "30233000", "interestAndDebtExpense": "None", "netIncomeFromContinuingOperations": "82241000", "comprehensiveIncomeNetOfTax": "None", "ebit": "122754000", "ebitda": "141643000", "netIncome": "82241000"}, {"fiscalDateEnding": "2011-06-30", "reportedCurrency": "USD", "grossProfit": "284423000", "totalRevenue": "715589000", "costOfRevenue": "431166000", "costofGoodsAndServicesSold": "431166000", "operatingIncome": "121970000", "sellingGeneralAndAdministrative": "106224000", "researchAndDevelopment": "56229000", "operatingExpenses": "284423000", "investmentIncomeNet": "None", "netInterestIncome": "None", "interestIncome": "None", "interestExpense": "12009000", "nonInterestIncome": "None", "otherNonOperatingIncome": "-1055000", "depreciation": "None", "depreciationAndAmortization": "19394000", "incomeBeforeTax": "104921000", "incomeTaxExpense": "28733000", "interestAndDebtExpense": "None", "netIncomeFromContinuingOperations": "76188000", "comprehensiveIncomeNetOfTax": "None", "ebit": "116930000", "ebitda": "136324000", "netIncome": "76188000"}, {"fiscalDateEnding": "2011-03-31", "reportedCurrency": "USD", "grossProfit": "297460000", "totalRevenue": "714271000", "costOfRevenue": "416811000", "costofGoodsAndServicesSold": "416811000", "operatingIncome": "133385000", "sellingGeneralAndAdministrative": "106619000", "researchAndDevelopment": "57456000", "operatingExpenses": "297460000", "investmentIncomeNet": "None", "netInterestIncome": "None", "interestIncome": "None", "interestExpense": "11680000", "nonInterestIncome": "None", "otherNonOperatingIncome": "-6056000", "depreciation": "None", "depreciationAndAmortization": "17962000", "incomeBeforeTax": "115621000", "incomeTaxExpense": "31578000", "interestAndDebtExpense": "None", "netIncomeFromContinuingOperations": "84043000", "comprehensiveIncomeNetOfTax": "None", "ebit": "127301000", "ebitda": "145263000", "netIncome": "84043000"}, {"fiscalDateEnding": "2010-12-31", "reportedCurrency": "USD", "grossProfit": "252346000", "totalRevenue": "629869000", "costOfRevenue": "377523000", "costofGoodsAndServicesSold": "377523000", "operatingIncome": "84357000", "sellingGeneralAndAdministrative": "110905000", "researchAndDevelopment": "57084000", "operatingExpenses": "252346000", "investmentIncomeNet": "None", "netInterestIncome": "None", "interestIncome": "None", "interestExpense": "11678000", "nonInterestIncome": "None", "otherNonOperatingIncome": "None", "depreciation": "None", "depreciationAndAmortization": "19105000", "incomeBeforeTax": "70696000", "incomeTaxExpense": "15119000", "interestAndDebtExpense": "None", "netIncomeFromContinuingOperations": "0", "comprehensiveIncomeNetOfTax": "None", "ebit": "82374000", "ebitda": "101479000", "netIncome": "55577000"}, {"fiscalDateEnding": "2010-09-30", "reportedCurrency": "USD", "grossProfit": "285048000", "totalRevenue": "673283000", "costOfRevenue": "388235000", "costofGoodsAndServicesSold": "388235000", "operatingIncome": "122879000", "sellingGeneralAndAdministrative": "108955000", "researchAndDevelopment": "53214000", "operatingExpenses": "285048000", "investmentIncomeNet": "None", "netInterestIncome": "None", "interestIncome": "None", "interestExpense": "12244000", "nonInterestIncome": "None", "otherNonOperatingIncome": "None", "depreciation": "None", "depreciationAndAmortization": "19916000", "incomeBeforeTax": "106183000", "incomeTaxExpense": "29145000", "interestAndDebtExpense": "None", "netIncomeFromContinuingOperations": "0", "comprehensiveIncomeNetOfTax": "None", "ebit": "118427000", "ebitda": "138343000", "netIncome": "77038000"}, {"fiscalDateEnding": "2010-06-30", "reportedCurrency": "USD", "grossProfit": "285001000", "totalRevenue": "665800000", "costOfRevenue": "380799000", "costofGoodsAndServicesSold": "380799000", "operatingIncome": "109634000", "sellingGeneralAndAdministrative": "119523000", "researchAndDevelopment": "55844000", "operatingExpenses": "285001000", "investmentIncomeNet": "None", "netInterestIncome": "None", "interestIncome": "None", "interestExpense": "12051000", "nonInterestIncome": "None", "otherNonOperatingIncome": "None", "depreciation": "None", "depreciationAndAmortization": "20189000", "incomeBeforeTax": "93633000", "incomeTaxExpense": "26481000", "interestAndDebtExpense": "None", "netIncomeFromContinuingOperations": "0", "comprehensiveIncomeNetOfTax": "None", "ebit": "105684000", "ebitda": "125873000", "netIncome": "67152000"}, {"fiscalDateEnding": "2010-03-31", "reportedCurrency": "USD", "grossProfit": "270207000", "totalRevenue": "653909000", "costOfRevenue": "383702000", "costofGoodsAndServicesSold": "383702000", "operatingIncome": "109567000", "sellingGeneralAndAdministrative": "106471000", "researchAndDevelopment": "52631000", "operatingExpenses": "270207000", "investmentIncomeNet": "None", "netInterestIncome": "None", "interestIncome": "None", "interestExpense": "12736000", "nonInterestIncome": "None", "otherNonOperatingIncome": "None", "depreciation": "None", "depreciationAndAmortization": "20032000", "incomeBeforeTax": "89081000", "incomeTaxExpense": "25292000", "interestAndDebtExpense": "None", "netIncomeFromContinuingOperations": "0", "comprehensiveIncomeNetOfTax": "None", "ebit": "101817000", "ebitda": "121849000", "netIncome": "63789000"}, {"fiscalDateEnding": "2009-12-31", "reportedCurrency": "USD", "grossProfit": "235859000", "totalRevenue": "585633000", "costOfRevenue": "349774000", "costofGoodsAndServicesSold": "349774000", "operatingIncome": "95543000", "sellingGeneralAndAdministrative": "96157000", "researchAndDevelopment": "42621000", "operatingExpenses": "235859000", "investmentIncomeNet": "None", "netInterestIncome": "None", "interestIncome": "None", "interestExpense": "14487000", "nonInterestIncome": "None", "otherNonOperatingIncome": "None", "depreciation": "None", "depreciationAndAmortization": "20451000", "incomeBeforeTax": "75821000", "incomeTaxExpense": "28373000", "interestAndDebtExpense": "None", "netIncomeFromContinuingOperations": "0", "comprehensiveIncomeNetOfTax": "None", "ebit": "90308000", "ebitda": "110759000", "netIncome": "47448000"}, {"fiscalDateEnding": "2009-09-30", "reportedCurrency": "USD", "grossProfit": "248854000", "totalRevenue": "612634000", "costOfRevenue": "363780000", "costofGoodsAndServicesSold": "363780000", "operatingIncome": "98263000", "sellingGeneralAndAdministrative": "97947000", "researchAndDevelopment": "49392000", "operatingExpenses": "248854000", "investmentIncomeNet": "None", "netInterestIncome": "None", "interestIncome": "None", "interestExpense": "13503000", "nonInterestIncome": "None", "otherNonOperatingIncome": "None", "depreciation": "None", "depreciationAndAmortization": "19811000", "incomeBeforeTax": "74284000", "incomeTaxExpense": "21484000", "interestAndDebtExpense": "None", "netIncomeFromContinuingOperations": "0", "comprehensiveIncomeNetOfTax": "None", "ebit": "87787000", "ebitda": "107598000", "netIncome": "52800000"}, {"fiscalDateEnding": "2009-06-30", "reportedCurrency": "USD", "grossProfit": "227914000", "totalRevenue": "568261000", "costOfRevenue": "340347000", "costofGoodsAndServicesSold": "340347000", "operatingIncome": "87634000", "sellingGeneralAndAdministrative": "93012000", "researchAndDevelopment": "44248000", "operatingExpenses": "227914000", "investmentIncomeNet": "None", "netInterestIncome": "None", "interestIncome": "None", "interestExpense": "14047000", "nonInterestIncome": "None", "otherNonOperatingIncome": "None", "depreciation": "None", "depreciationAndAmortization": "19632000", "incomeBeforeTax": "67914000", "incomeTaxExpense": "19831000", "interestAndDebtExpense": "None", "netIncomeFromContinuingOperations": "0", "comprehensiveIncomeNetOfTax": "None", "ebit": "81961000", "ebitda": "101593000", "netIncome": "48083000"}, {"fiscalDateEnding": "2009-03-31", "reportedCurrency": "USD", "grossProfit": "222065000", "totalRevenue": "559630000", "costOfRevenue": "337565000", "costofGoodsAndServicesSold": "337565000", "operatingIncome": "81849000", "sellingGeneralAndAdministrative": "89424000", "researchAndDevelopment": "47331000", "operatingExpenses": "222065000", "investmentIncomeNet": "None", "netInterestIncome": "None", "interestIncome": "None", "interestExpense": "19781000", "nonInterestIncome": "None", "otherNonOperatingIncome": "None", "depreciation": "None", "depreciationAndAmortization": "18631000", "incomeBeforeTax": "63230000", "incomeTaxExpense": "16033000", "interestAndDebtExpense": "None", "netIncomeFromContinuingOperations": "0", "comprehensiveIncomeNetOfTax": "None", "ebit": "83011000", "ebitda": "101642000", "netIncome": "47197000"}, {"fiscalDateEnding": "2008-12-31", "reportedCurrency": "USD", "grossProfit": "214638000", "totalRevenue": "539103000", "costOfRevenue": "324465000", "costofGoodsAndServicesSold": "324465000", "operatingIncome": "66192000", "sellingGeneralAndAdministrative": "94564000", "researchAndDevelopment": "52344000", "operatingExpenses": "214638000", "investmentIncomeNet": "None", "netInterestIncome": "None", "interestIncome": "None", "interestExpense": "74008000", "nonInterestIncome": "None", "otherNonOperatingIncome": "None", "depreciation": "None", "depreciationAndAmortization": "15970000", "incomeBeforeTax": "38729000", "incomeTaxExpense": "-10240000", "interestAndDebtExpense": "None", "netIncomeFromContinuingOperations": "0", "comprehensiveIncomeNetOfTax": "None", "ebit": "50777000", "ebitda": "66747000", "netIncome": "48969000"}, {"fiscalDateEnding": "2008-09-30", "reportedCurrency": "USD", "grossProfit": "246739000", "totalRevenue": "617538000", "costOfRevenue": "370799000", "costofGoodsAndServicesSold": "370799000", "operatingIncome": "100608000", "sellingGeneralAndAdministrative": "92465000", "researchAndDevelopment": "52129000", "operatingExpenses": "146131000", "investmentIncomeNet": "None", "netInterestIncome": "None", "interestIncome": "None", "interestExpense": "18037000", "nonInterestIncome": "None", "otherNonOperatingIncome": "None", "depreciation": "None", "depreciationAndAmortization": "17487000", "incomeBeforeTax": "79566000", "incomeTaxExpense": "21882000", "interestAndDebtExpense": "None", "netIncomeFromContinuingOperations": "0", "comprehensiveIncomeNetOfTax": "None", "ebit": "97603000", "ebitda": "115090000", "netIncome": "57684000"}, {"fiscalDateEnding": "2008-06-30", "reportedCurrency": "USD", "grossProfit": "263781000", "totalRevenue": "636126000", "costOfRevenue": "372345000", "costofGoodsAndServicesSold": "372345000", "operatingIncome": "101669000", "sellingGeneralAndAdministrative": "104662000", "researchAndDevelopment": "56166000", "operatingExpenses": "162112000", "investmentIncomeNet": "None", "netInterestIncome": "None", "interestIncome": "None", "interestExpense": "18545000", "nonInterestIncome": "None", "otherNonOperatingIncome": "None", "depreciation": "None", "depreciationAndAmortization": "23035000", "incomeBeforeTax": "87241000", "incomeTaxExpense": "20209000", "interestAndDebtExpense": "None", "netIncomeFromContinuingOperations": "0", "comprehensiveIncomeNetOfTax": "None", "ebit": "105786000", "ebitda": "128821000", "netIncome": "67032000"}, {"fiscalDateEnding": "2008-03-31", "reportedCurrency": "USD", "grossProfit": "245482000", "totalRevenue": "596605000", "costOfRevenue": "351123000", "costofGoodsAndServicesSold": "351123000", "operatingIncome": "95517000", "sellingGeneralAndAdministrative": "90149000", "researchAndDevelopment": "52056000", "operatingExpenses": "149965000", "investmentIncomeNet": "None", "netInterestIncome": "None", "interestIncome": "None", "interestExpense": "18219000", "nonInterestIncome": "None", "otherNonOperatingIncome": "None", "depreciation": "None", "depreciationAndAmortization": "19494000", "incomeBeforeTax": "74991000", "incomeTaxExpense": "19043000", "interestAndDebtExpense": "None", "netIncomeFromContinuingOperations": "0", "comprehensiveIncomeNetOfTax": "None", "ebit": "93210000", "ebitda": "112704000", "netIncome": "55948000"}, {"fiscalDateEnding": "2007-12-31", "reportedCurrency": "USD", "grossProfit": "225299000", "totalRevenue": "553498000", "costOfRevenue": "328199000", "costofGoodsAndServicesSold": "328199000", "operatingIncome": "70835000", "sellingGeneralAndAdministrative": "98354000", "researchAndDevelopment": "53898000", "operatingExpenses": "154464000", "investmentIncomeNet": "None", "netInterestIncome": "None", "interestIncome": "None", "interestExpense": "16229000", "nonInterestIncome": "None", "otherNonOperatingIncome": "None", "depreciation": "None", "depreciationAndAmortization": "19963000", "incomeBeforeTax": "63995000", "incomeTaxExpense": "16772000", "interestAndDebtExpense": "None", "netIncomeFromContinuingOperations": "0", "comprehensiveIncomeNetOfTax": "None", "ebit": "70835000", "ebitda": "90798000", "netIncome": "47223000"}, {"fiscalDateEnding": "2007-09-30", "reportedCurrency": "USD", "grossProfit": "244138000", "totalRevenue": "583313000", "costOfRevenue": "339175000", "costofGoodsAndServicesSold": "339175000", "operatingIncome": "96386000", "sellingGeneralAndAdministrative": "94464000", "researchAndDevelopment": "49733000", "operatingExpenses": "147752000", "investmentIncomeNet": "None", "netInterestIncome": "None", "interestIncome": "None", "interestExpense": "8596000", "nonInterestIncome": "None", "otherNonOperatingIncome": "None", "depreciation": "None", "depreciationAndAmortization": "20538000", "incomeBeforeTax": "80608000", "incomeTaxExpense": "21764000", "interestAndDebtExpense": "None", "netIncomeFromContinuingOperations": "0", "comprehensiveIncomeNetOfTax": "None", "ebit": "96386000", "ebitda": "116924000", "netIncome": "58844000"}, {"fiscalDateEnding": "2007-06-30", "reportedCurrency": "USD", "grossProfit": "246058000", "totalRevenue": "573726000", "costOfRevenue": "327668000", "costofGoodsAndServicesSold": "327668000", "operatingIncome": "102545000", "sellingGeneralAndAdministrative": "91198000", "researchAndDevelopment": "48760000", "operatingExpenses": "143513000", "investmentIncomeNet": "None", "netInterestIncome": "None", "interestIncome": "None", "interestExpense": "8396000", "nonInterestIncome": "None", "otherNonOperatingIncome": "None", "depreciation": "None", "depreciationAndAmortization": "21148000", "incomeBeforeTax": "96968000", "incomeTaxExpense": "18596000", "interestAndDebtExpense": "None", "netIncomeFromContinuingOperations": "0", "comprehensiveIncomeNetOfTax": "None", "ebit": "102545000", "ebitda": "123693000", "netIncome": "78372000"}, {"fiscalDateEnding": "2007-03-31", "reportedCurrency": "USD", "grossProfit": "236719000", "totalRevenue": "566101000", "costOfRevenue": "329382000", "costofGoodsAndServicesSold": "329382000", "operatingIncome": "95260000", "sellingGeneralAndAdministrative": "91271000", "researchAndDevelopment": "46632000", "operatingExpenses": "141459000", "investmentIncomeNet": "None", "netInterestIncome": "None", "interestIncome": "None", "interestExpense": "8314000", "nonInterestIncome": "None", "otherNonOperatingIncome": "None", "depreciation": "None", "depreciationAndAmortization": "21139000", "incomeBeforeTax": "87113000", "incomeTaxExpense": "24424000", "interestAndDebtExpense": "None", "netIncomeFromContinuingOperations": "0", "comprehensiveIncomeNetOfTax": "None", "ebit": "95260000", "ebitda": "116399000", "netIncome": "62689000"}, {"fiscalDateEnding": "2006-12-31", "reportedCurrency": "USD", "grossProfit": "210915000", "totalRevenue": "514318000", "costOfRevenue": "303403000", "costofGoodsAndServicesSold": "303403000", "operatingIncome": "66609000", "sellingGeneralAndAdministrative": "90559000", "researchAndDevelopment": "48031000", "operatingExpenses": "144306000", "investmentIncomeNet": "None", "netInterestIncome": "None", "interestIncome": "None", "interestExpense": "25549000", "nonInterestIncome": "None", "otherNonOperatingIncome": "None", "depreciation": "None", "depreciationAndAmortization": "22823000", "incomeBeforeTax": "62416000", "incomeTaxExpense": "14434000", "interestAndDebtExpense": "None", "netIncomeFromContinuingOperations": "0", "comprehensiveIncomeNetOfTax": "None", "ebit": "68616000", "ebitda": "91439000", "netIncome": "47982000"}, {"fiscalDateEnding": "2006-09-30", "reportedCurrency": "USD", "grossProfit": "228986000", "totalRevenue": "539135000", "costOfRevenue": "310149000", "costofGoodsAndServicesSold": "310149000", "operatingIncome": "90394000", "sellingGeneralAndAdministrative": "88092000", "researchAndDevelopment": "46471000", "operatingExpenses": "138592000", "investmentIncomeNet": "None", "netInterestIncome": "None", "interestIncome": "None", "interestExpense": "6475000", "nonInterestIncome": "None", "otherNonOperatingIncome": "None", "depreciation": "None", "depreciationAndAmortization": "22308000", "incomeBeforeTax": "90702000", "incomeTaxExpense": "27056000", "interestAndDebtExpense": "None", "netIncomeFromContinuingOperations": "0", "comprehensiveIncomeNetOfTax": "None", "ebit": "90710000", "ebitda": "113018000", "netIncome": "63646000"}, {"fiscalDateEnding": "2006-06-30", "reportedCurrency": "USD", "grossProfit": "227616000", "totalRevenue": "530505000", "costOfRevenue": "302889000", "costofGoodsAndServicesSold": "302889000", "operatingIncome": "90937000", "sellingGeneralAndAdministrative": "87684000", "researchAndDevelopment": "45588000", "operatingExpenses": "136679000", "investmentIncomeNet": "None", "netInterestIncome": "None", "interestIncome": "None", "interestExpense": "6300000", "nonInterestIncome": "None", "otherNonOperatingIncome": "None", "depreciation": "None", "depreciationAndAmortization": "22341000", "incomeBeforeTax": "84923000", "incomeTaxExpense": "23741000", "interestAndDebtExpense": "None", "netIncomeFromContinuingOperations": "0", "comprehensiveIncomeNetOfTax": "None", "ebit": "90633000", "ebitda": "112974000", "netIncome": "61182000"}, {"fiscalDateEnding": "2006-03-31", "reportedCurrency": "USD", "grossProfit": "216614000", "totalRevenue": "511432000", "costOfRevenue": "294818000", "costofGoodsAndServicesSold": "294818000", "operatingIncome": "81053000", "sellingGeneralAndAdministrative": "85588000", "researchAndDevelopment": "45602000", "operatingExpenses": "135561000", "investmentIncomeNet": "None", "netInterestIncome": "None", "interestIncome": "None", "interestExpense": "5373000", "nonInterestIncome": "None", "otherNonOperatingIncome": "None", "depreciation": "None", "depreciationAndAmortization": "22261000", "incomeBeforeTax": "75241000", "incomeTaxExpense": "21551000", "interestAndDebtExpense": "None", "netIncomeFromContinuingOperations": "0", "comprehensiveIncomeNetOfTax": "None", "ebit": "81714000", "ebitda": "103975000", "netIncome": "53690000"}, {"fiscalDateEnding": "2005-12-31", "reportedCurrency": "USD", "grossProfit": "186827000", "totalRevenue": "461645000", "costOfRevenue": "274818000", "costofGoodsAndServicesSold": "274818000", "operatingIncome": "28021000", "sellingGeneralAndAdministrative": "85691000", "researchAndDevelopment": "46028000", "operatingExpenses": "158806000", "investmentIncomeNet": "None", "netInterestIncome": "None", "interestIncome": "None", "interestExpense": "5752000", "nonInterestIncome": "None", "otherNonOperatingIncome": "None", "depreciation": "None", "depreciationAndAmortization": "22382000", "incomeBeforeTax": "21569000", "incomeTaxExpense": "6331000", "interestAndDebtExpense": "None", "netIncomeFromContinuingOperations": "0", "comprehensiveIncomeNetOfTax": "None", "ebit": "51340000", "ebitda": "73722000", "netIncome": "15238000"}]}