{"symbol": "APLD", "annualReports": [{"fiscalDateEnding": "2025-05-31", "reportedCurrency": "USD", "grossProfit": "22697000", "totalRevenue": "215506000", "costOfRevenue": "192809000", "costofGoodsAndServicesSold": "192809000", "operatingIncome": "-72252000", "sellingGeneralAndAdministrative": "83065000", "researchAndDevelopment": "None", "operatingExpenses": "94949000", "investmentIncomeNet": "None", "netInterestIncome": "-14739000", "interestIncome": "None", "interestExpense": "17856000", "nonInterestIncome": "None", "otherNonOperatingIncome": "None", "depreciation": "None", "depreciationAndAmortization": "83598000", "incomeBeforeTax": "-203606000", "incomeTaxExpense": "102000", "interestAndDebtExpense": "None", "netIncomeFromContinuingOperations": "-158335000", "comprehensiveIncomeNetOfTax": "None", "ebit": "-175422000", "ebitda": "-91824000", "netIncome": "-231065000"}, {"fiscalDateEnding": "2024-05-31", "reportedCurrency": "USD", "grossProfit": "29965000", "totalRevenue": "136618000", "costOfRevenue": "106653000", "costofGoodsAndServicesSold": "106653000", "operatingIncome": "-15055000", "sellingGeneralAndAdministrative": "98461000", "researchAndDevelopment": "169000", "operatingExpenses": "45020000", "investmentIncomeNet": "None", "netInterestIncome": "-26832000", "interestIncome": "None", "interestExpense": "18639000", "nonInterestIncome": "None", "otherNonOperatingIncome": "None", "depreciation": "None", "depreciationAndAmortization": "21477000", "incomeBeforeTax": "-74280000", "incomeTaxExpense": "96000", "interestAndDebtExpense": "None", "netIncomeFromContinuingOperations": "-149671000", "comprehensiveIncomeNetOfTax": "None", "ebit": "-55641000", "ebitda": "-34164000", "netIncome": "-149274000"}, {"fiscalDateEnding": "2023-05-31", "reportedCurrency": "USD", "grossProfit": "11004000", "totalRevenue": "55392000", "costOfRevenue": "44388000", "costofGoodsAndServicesSold": "44388000", "operatingIncome": "-44055000", "sellingGeneralAndAdministrative": "55059000", "researchAndDevelopment": "None", "operatingExpenses": "55059000", "investmentIncomeNet": "None", "netInterestIncome": "-1980000", "interestIncome": "None", "interestExpense": "1980000", "nonInterestIncome": "None", "otherNonOperatingIncome": "-94000", "depreciation": "None", "depreciationAndAmortization": "7267000", "incomeBeforeTax": "-46129000", "incomeTaxExpense": "-523000", "interestAndDebtExpense": "None", "netIncomeFromContinuingOperations": "-45606000", "comprehensiveIncomeNetOfTax": "None", "ebit": "-44055000", "ebitda": "-36788000", "netIncome": "-45606000"}, {"fiscalDateEnding": "2022-05-31", "reportedCurrency": "USD", "grossProfit": "-13343000", "totalRevenue": "8549000", "costOfRevenue": "21892000", "costofGoodsAndServicesSold": "21892000", "operatingIncome": "-20898000", "sellingGeneralAndAdministrative": "19892000", "researchAndDevelopment": "None", "operatingExpenses": "7555000", "investmentIncomeNet": "None", "netInterestIncome": "-112000", "interestIncome": "None", "interestExpense": "112000", "nonInterestIncome": "None", "otherNonOperatingIncome": "-936000", "depreciation": "None", "depreciationAndAmortization": "1120000", "incomeBeforeTax": "-21946000", "incomeTaxExpense": "540000", "interestAndDebtExpense": "None", "netIncomeFromContinuingOperations": "-22486000", "comprehensiveIncomeNetOfTax": "None", "ebit": "-21834000", "ebitda": "-20714000", "netIncome": "-23520000"}, {"fiscalDateEnding": "2021-05-31", "reportedCurrency": "USD", "grossProfit": "-1000", "totalRevenue": "0", "costOfRevenue": "1000", "costofGoodsAndServicesSold": "1000", "operatingIncome": "-332000", "sellingGeneralAndAdministrative": "331000", "researchAndDevelopment": "None", "operatingExpenses": "331000", "investmentIncomeNet": "None", "netInterestIncome": "-236000", "interestIncome": "None", "interestExpense": "236000", "nonInterestIncome": "None", "otherNonOperatingIncome": "None", "depreciation": "None", "depreciationAndAmortization": "1000", "incomeBeforeTax": "-568000", "incomeTaxExpense": "236000", "interestAndDebtExpense": "None", "netIncomeFromContinuingOperations": "-568000", "comprehensiveIncomeNetOfTax": "None", "ebit": "-332000", "ebitda": "-331000", "netIncome": "-568000"}, {"fiscalDateEnding": "2020-05-31", "reportedCurrency": "USD", "grossProfit": "None", "totalRevenue": "0", "costOfRevenue": "None", "costofGoodsAndServicesSold": "None", "operatingIncome": "-263000", "sellingGeneralAndAdministrative": "0", "researchAndDevelopment": "None", "operatingExpenses": "-263000", "investmentIncomeNet": "None", "netInterestIncome": "-263000", "interestIncome": "None", "interestExpense": "263000", "nonInterestIncome": "None", "otherNonOperatingIncome": "None", "depreciation": "None", "depreciationAndAmortization": "206297", "incomeBeforeTax": "-263000", "incomeTaxExpense": "-469297", "interestAndDebtExpense": "None", "netIncomeFromContinuingOperations": "-263000", "comprehensiveIncomeNetOfTax": "None", "ebit": "-263000", "ebitda": "-263000", "netIncome": "-263000"}, {"fiscalDateEnding": "2008-05-31", "reportedCurrency": "USD", "grossProfit": "118387", "totalRevenue": "336995", "costOfRevenue": "218608", "costofGoodsAndServicesSold": "218608", "operatingIncome": "-2696739", "sellingGeneralAndAdministrative": "2382404", "researchAndDevelopment": "284722", "operatingExpenses": "2815126", "investmentIncomeNet": "None", "netInterestIncome": "None", "interestIncome": "None", "interestExpense": "97590", "nonInterestIncome": "None", "otherNonOperatingIncome": "None", "depreciation": "None", "depreciationAndAmortization": "73183", "incomeBeforeTax": "-3279156", "incomeTaxExpense": "7143", "interestAndDebtExpense": "None", "netIncomeFromContinuingOperations": "-3286299", "comprehensiveIncomeNetOfTax": "None", "ebit": "-3279154", "ebitda": "-3205971", "netIncome": "-3286299"}, {"fiscalDateEnding": "2007-05-31", "reportedCurrency": "USD", "grossProfit": "117913", "totalRevenue": "1546857", "costOfRevenue": "1428944", "costofGoodsAndServicesSold": "1428944", "operatingIncome": "-3054922", "sellingGeneralAndAdministrative": "3042600", "researchAndDevelopment": "130234", "operatingExpenses": "3172835", "investmentIncomeNet": "None", "netInterestIncome": "None", "interestIncome": "None", "interestExpense": "252945", "nonInterestIncome": "None", "otherNonOperatingIncome": "None", "depreciation": "None", "depreciationAndAmortization": "90870", "incomeBeforeTax": "-2801977", "incomeTaxExpense": "-13591", "interestAndDebtExpense": "None", "netIncomeFromContinuingOperations": "-2788386", "comprehensiveIncomeNetOfTax": "None", "ebit": "-2801982", "ebitda": "-2711112", "netIncome": "-2788386"}, {"fiscalDateEnding": "2006-05-31", "reportedCurrency": "USD", "grossProfit": "1392650", "totalRevenue": "3869962", "costOfRevenue": "2477312", "costofGoodsAndServicesSold": "2477312", "operatingIncome": "-2254373", "sellingGeneralAndAdministrative": "2592745", "researchAndDevelopment": "1054278", "operatingExpenses": "3647023", "investmentIncomeNet": "None", "netInterestIncome": "None", "interestIncome": "None", "interestExpense": "21614", "nonInterestIncome": "None", "otherNonOperatingIncome": "None", "depreciation": "None", "depreciationAndAmortization": "108000", "incomeBeforeTax": "-2232759", "incomeTaxExpense": "24800", "interestAndDebtExpense": "None", "netIncomeFromContinuingOperations": "-2257559", "comprehensiveIncomeNetOfTax": "None", "ebit": "-2232761", "ebitda": "-2124761", "netIncome": "-2257559"}, {"fiscalDateEnding": "2005-05-31", "reportedCurrency": "USD", "grossProfit": "951438", "totalRevenue": "3310871", "costOfRevenue": "2359433", "costofGoodsAndServicesSold": "2359433", "operatingIncome": "-1607570", "sellingGeneralAndAdministrative": "2001871", "researchAndDevelopment": "557137", "operatingExpenses": "2559008", "investmentIncomeNet": "None", "netInterestIncome": "None", "interestIncome": "None", "interestExpense": "223586", "nonInterestIncome": "None", "otherNonOperatingIncome": "None", "depreciation": "None", "depreciationAndAmortization": "125660", "incomeBeforeTax": "-1383984", "incomeTaxExpense": "27660", "interestAndDebtExpense": "None", "netIncomeFromContinuingOperations": "-1411644", "comprehensiveIncomeNetOfTax": "None", "ebit": "-1383984", "ebitda": "-1258324", "netIncome": "-1411644"}, {"fiscalDateEnding": "2004-05-31", "reportedCurrency": "USD", "grossProfit": "1113565", "totalRevenue": "3593784", "costOfRevenue": "2480219", "costofGoodsAndServicesSold": "2480219", "operatingIncome": "-448068", "sellingGeneralAndAdministrative": "1562000", "researchAndDevelopment": "170832", "operatingExpenses": "1561633", "investmentIncomeNet": "None", "netInterestIncome": "None", "interestIncome": "None", "interestExpense": "39749", "nonInterestIncome": "None", "otherNonOperatingIncome": "None", "depreciation": "None", "depreciationAndAmortization": "88053", "incomeBeforeTax": "-408319", "incomeTaxExpense": "15895", "interestAndDebtExpense": "None", "netIncomeFromContinuingOperations": "None", "comprehensiveIncomeNetOfTax": "None", "ebit": "-408319", "ebitda": "-320266", "netIncome": "-424214"}, {"fiscalDateEnding": "2003-05-31", "reportedCurrency": "USD", "grossProfit": "234755", "totalRevenue": "1093097", "costOfRevenue": "858342", "costofGoodsAndServicesSold": "858342", "operatingIncome": "-947801", "sellingGeneralAndAdministrative": "1183000", "researchAndDevelopment": "40444", "operatingExpenses": "1182556", "investmentIncomeNet": "None", "netInterestIncome": "None", "interestIncome": "None", "interestExpense": "2232", "nonInterestIncome": "None", "otherNonOperatingIncome": "None", "depreciation": "None", "depreciationAndAmortization": "59083", "incomeBeforeTax": "-942165", "incomeTaxExpense": "1809", "interestAndDebtExpense": "None", "netIncomeFromContinuingOperations": "None", "comprehensiveIncomeNetOfTax": "None", "ebit": "-939933", "ebitda": "-880850", "netIncome": "-943974"}, {"fiscalDateEnding": "2002-05-31", "reportedCurrency": "USD", "grossProfit": "1385", "totalRevenue": "5485", "costOfRevenue": "4100", "costofGoodsAndServicesSold": "4100", "operatingIncome": "-19869", "sellingGeneralAndAdministrative": "None", "researchAndDevelopment": "45511", "operatingExpenses": "21254", "investmentIncomeNet": "None", "netInterestIncome": "None", "interestIncome": "None", "interestExpense": "19869", "nonInterestIncome": "None", "otherNonOperatingIncome": "None", "depreciation": "None", "depreciationAndAmortization": "44507", "incomeBeforeTax": "809100", "incomeTaxExpense": "19869", "interestAndDebtExpense": "None", "netIncomeFromContinuingOperations": "None", "comprehensiveIncomeNetOfTax": "None", "ebit": "-19869", "ebitda": "-19869", "netIncome": "-19869"}], "quarterlyReports": [{"fiscalDateEnding": "2025-11-30", "reportedCurrency": "USD", "grossProfit": "26036000", "totalRevenue": "126589000", "costOfRevenue": "100553000", "costofGoodsAndServicesSold": "100553000", "operatingIncome": "-30957000", "sellingGeneralAndAdministrative": "56993000", "researchAndDevelopment": "None", "operatingExpenses": "56993000", "investmentIncomeNet": "None", "netInterestIncome": "-11484000", "interestIncome": "None", "interestExpense": "11484000", "nonInterestIncome": "None", "otherNonOperatingIncome": "None", "depreciation": "None", "depreciationAndAmortization": "8586000", "incomeBeforeTax": "-26548000", "incomeTaxExpense": "15000", "interestAndDebtExpense": "None", "netIncomeFromContinuingOperations": "-26563000", "comprehensiveIncomeNetOfTax": "None", "ebit": "-15064000", "ebitda": "-6478000", "netIncome": "-17511000"}, {"fiscalDateEnding": "2025-08-31", "reportedCurrency": "USD", "grossProfit": "8609999", "totalRevenue": "64215999", "costOfRevenue": "55606000", "costofGoodsAndServicesSold": "55606000", "operatingIncome": "-18552000", "sellingGeneralAndAdministrative": "29152000", "researchAndDevelopment": "None", "operatingExpenses": "27162000", "investmentIncomeNet": "None", "netInterestIncome": "-3946000", "interestIncome": "None", "interestExpense": "3946000", "nonInterestIncome": "None", "otherNonOperatingIncome": "None", "depreciation": "None", "depreciationAndAmortization": "4152000", "incomeBeforeTax": "-26239000", "incomeTaxExpense": "8000", "interestAndDebtExpense": "None", "netIncomeFromContinuingOperations": "-26247000", "comprehensiveIncomeNetOfTax": "None", "ebit": "-22293000", "ebitda": "-18141000", "netIncome": "-16926000"}, {"fiscalDateEnding": "2025-05-31", "reportedCurrency": "USD", "grossProfit": "7766000", "totalRevenue": "38013000", "costOfRevenue": "30247000", "costofGoodsAndServicesSold": "30247000", "operatingIncome": "-20330000", "sellingGeneralAndAdministrative": "16213000", "researchAndDevelopment": "None", "operatingExpenses": "28096000", "investmentIncomeNet": "None", "netInterestIncome": "8948000", "interestIncome": "None", "interestExpense": "17856000", "nonInterestIncome": "None", "otherNonOperatingIncome": "None", "depreciation": "None", "depreciationAndAmortization": "4059000", "incomeBeforeTax": "-25196000", "incomeTaxExpense": "-16000", "interestAndDebtExpense": "None", "netIncomeFromContinuingOperations": "20193000", "comprehensiveIncomeNetOfTax": "None", "ebit": "-20699000", "ebitda": "-16640000", "netIncome": "-52537000"}, {"fiscalDateEnding": "2025-02-28", "reportedCurrency": "USD", "grossProfit": "3780000", "totalRevenue": "52921000", "costOfRevenue": "49141000", "costofGoodsAndServicesSold": "49141000", "operatingIncome": "-18943000", "sellingGeneralAndAdministrative": "22723000", "researchAndDevelopment": "None", "operatingExpenses": "22723000", "investmentIncomeNet": "None", "netInterestIncome": "-8897000", "interestIncome": "None", "interestExpense": "8897000", "nonInterestIncome": "None", "otherNonOperatingIncome": "None", "depreciation": "None", "depreciationAndAmortization": "18778000", "incomeBeforeTax": "-35438000", "incomeTaxExpense": "117000", "interestAndDebtExpense": "None", "netIncomeFromContinuingOperations": "-35555000", "comprehensiveIncomeNetOfTax": "None", "ebit": "-26541000", "ebitda": "-7763000", "netIncome": "-35555000"}, {"fiscalDateEnding": "2024-11-30", "reportedCurrency": "USD", "grossProfit": "11507000", "totalRevenue": "63868000", "costOfRevenue": "52361000", "costofGoodsAndServicesSold": "52361000", "operatingIncome": "-18282000", "sellingGeneralAndAdministrative": "29789000", "researchAndDevelopment": "None", "operatingExpenses": "29789000", "investmentIncomeNet": "None", "netInterestIncome": "-7482000", "interestIncome": "None", "interestExpense": "7482000", "nonInterestIncome": "None", "otherNonOperatingIncome": "None", "depreciation": "None", "depreciationAndAmortization": "26445000", "incomeBeforeTax": "-138725000", "incomeTaxExpense": "1000", "interestAndDebtExpense": "None", "netIncomeFromContinuingOperations": "-138726000", "comprehensiveIncomeNetOfTax": "None", "ebit": "-131243000", "ebitda": "-104798000", "netIncome": "-138726000"}, {"fiscalDateEnding": "2024-08-31", "reportedCurrency": "USD", "grossProfit": "-356000", "totalRevenue": "60704000", "costOfRevenue": "61060000", "costofGoodsAndServicesSold": "61060000", "operatingIncome": "-14697000", "sellingGeneralAndAdministrative": "14341000", "researchAndDevelopment": "36000", "operatingExpenses": "14341000", "investmentIncomeNet": "None", "netInterestIncome": "-7308000", "interestIncome": "None", "interestExpense": "7308000", "nonInterestIncome": "None", "otherNonOperatingIncome": "None", "depreciation": "None", "depreciationAndAmortization": "34316000", "incomeBeforeTax": "-4247000", "incomeTaxExpense": "17384000", "interestAndDebtExpense": "None", "netIncomeFromContinuingOperations": "-4247000", "comprehensiveIncomeNetOfTax": "None", "ebit": "3061000", "ebitda": "37377000", "netIncome": "-4247000"}, {"fiscalDateEnding": "2024-05-31", "reportedCurrency": "USD", "grossProfit": "8772000", "totalRevenue": "14744000", "costOfRevenue": "5972000", "costofGoodsAndServicesSold": "5972000", "operatingIncome": "31898999", "sellingGeneralAndAdministrative": "31319000", "researchAndDevelopment": "None", "operatingExpenses": "-23127000", "investmentIncomeNet": "None", "netInterestIncome": "-17996000", "interestIncome": "None", "interestExpense": "9440001", "nonInterestIncome": "None", "otherNonOperatingIncome": "None", "depreciation": "None", "depreciationAndAmortization": "-26187000", "incomeBeforeTax": "10941000", "incomeTaxExpense": "96000", "interestAndDebtExpense": "None", "netIncomeFromContinuingOperations": "-64450000", "comprehensiveIncomeNetOfTax": "None", "ebit": "20381000", "ebitda": "-5806000", "netIncome": "-64450000"}, {"fiscalDateEnding": "2024-02-29", "reportedCurrency": "USD", "grossProfit": "-3713000", "totalRevenue": "43348000", "costOfRevenue": "47061000", "costofGoodsAndServicesSold": "47061000", "operatingIncome": "-33733000", "sellingGeneralAndAdministrative": "30386000", "researchAndDevelopment": "None", "operatingExpenses": "30020000", "investmentIncomeNet": "None", "netInterestIncome": "-4404000", "interestIncome": "None", "interestExpense": "4770000", "nonInterestIncome": "None", "otherNonOperatingIncome": "None", "depreciation": "None", "depreciationAndAmortization": "26380000", "incomeBeforeTax": "-62838000", "incomeTaxExpense": "None", "interestAndDebtExpense": "None", "netIncomeFromContinuingOperations": "-62838000", "comprehensiveIncomeNetOfTax": "None", "ebit": "-58068000", "ebitda": "-31688000", "netIncome": "-62838000"}, {"fiscalDateEnding": "2023-11-30", "reportedCurrency": "USD", "grossProfit": "12981000", "totalRevenue": "42203000", "costOfRevenue": "29222000", "costofGoodsAndServicesSold": "29222000", "operatingIncome": "-8093999", "sellingGeneralAndAdministrative": "21075000", "researchAndDevelopment": "None", "operatingExpenses": "21075000", "investmentIncomeNet": "None", "netInterestIncome": "-2355000", "interestIncome": "None", "interestExpense": "2355000", "nonInterestIncome": "None", "otherNonOperatingIncome": "None", "depreciation": "None", "depreciationAndAmortization": "13424000", "incomeBeforeTax": "-10529000", "incomeTaxExpense": "-13424000", "interestAndDebtExpense": "None", "netIncomeFromContinuingOperations": "-10529000", "comprehensiveIncomeNetOfTax": "None", "ebit": "-8174000", "ebitda": "5250000", "netIncome": "-10529000"}, {"fiscalDateEnding": "2023-08-31", "reportedCurrency": "USD", "grossProfit": "11925000", "totalRevenue": "36323000", "costOfRevenue": "24398000", "costofGoodsAndServicesSold": "24398000", "operatingIncome": "-5127000", "sellingGeneralAndAdministrative": "17052000", "researchAndDevelopment": "None", "operatingExpenses": "17052000", "investmentIncomeNet": "None", "netInterestIncome": "-2074000", "interestIncome": "None", "interestExpense": "2073999", "nonInterestIncome": "None", "otherNonOperatingIncome": "None", "depreciation": "None", "depreciationAndAmortization": "7860000", "incomeBeforeTax": "-11854000", "incomeTaxExpense": "-397000", "interestAndDebtExpense": "None", "netIncomeFromContinuingOperations": "-11854000", "comprehensiveIncomeNetOfTax": "None", "ebit": "-9780000", "ebitda": "-1920000", "netIncome": "-11457000"}, {"fiscalDateEnding": "2023-05-31", "reportedCurrency": "USD", "grossProfit": "7089000", "totalRevenue": "22038000", "costOfRevenue": "14949000", "costofGoodsAndServicesSold": "14949000", "operatingIncome": "-6244001", "sellingGeneralAndAdministrative": "26512000", "researchAndDevelopment": "None", "operatingExpenses": "13333000", "investmentIncomeNet": "None", "netInterestIncome": "-855000", "interestIncome": "None", "interestExpense": "855000", "nonInterestIncome": "None", "otherNonOperatingIncome": "None", "depreciation": "None", "depreciationAndAmortization": "2485000", "incomeBeforeTax": "-7099000", "incomeTaxExpense": "-243000", "interestAndDebtExpense": "None", "netIncomeFromContinuingOperations": "-6856000", "comprehensiveIncomeNetOfTax": "None", "ebit": "-6244001", "ebitda": "-3759001", "netIncome": "-6473000"}, {"fiscalDateEnding": "2023-02-28", "reportedCurrency": "USD", "grossProfit": "3557000", "totalRevenue": "14090000", "costOfRevenue": "10533000", "costofGoodsAndServicesSold": "10533000", "operatingIncome": "-6957000", "sellingGeneralAndAdministrative": "10514000", "researchAndDevelopment": "None", "operatingExpenses": "10514000", "investmentIncomeNet": "None", "netInterestIncome": "-384000", "interestIncome": "None", "interestExpense": "384000", "nonInterestIncome": "None", "otherNonOperatingIncome": "None", "depreciation": "None", "depreciationAndAmortization": "2076000", "incomeBeforeTax": "-7341000", "incomeTaxExpense": "-316000", "interestAndDebtExpense": "None", "netIncomeFromContinuingOperations": "-7341000", "comprehensiveIncomeNetOfTax": "None", "ebit": "-6957000", "ebitda": "-4881000", "netIncome": "-7025000"}, {"fiscalDateEnding": "2022-11-30", "reportedCurrency": "USD", "grossProfit": "-175000", "totalRevenue": "12340000", "costOfRevenue": "12515000", "costofGoodsAndServicesSold": "12515000", "operatingIncome": "-26677000", "sellingGeneralAndAdministrative": "21802000", "researchAndDevelopment": "None", "operatingExpenses": "26502000", "investmentIncomeNet": "None", "netInterestIncome": "-385000", "interestIncome": "None", "interestExpense": "385000", "nonInterestIncome": "None", "otherNonOperatingIncome": "None", "depreciation": "None", "depreciationAndAmortization": "1570000", "incomeBeforeTax": "-27062000", "incomeTaxExpense": "-312000", "interestAndDebtExpense": "None", "netIncomeFromContinuingOperations": "-26750000", "comprehensiveIncomeNetOfTax": "None", "ebit": "-26677000", "ebitda": "-25107000", "netIncome": "-26617000"}, {"fiscalDateEnding": "2022-08-31", "reportedCurrency": "USD", "grossProfit": "533000", "totalRevenue": "6924000", "costOfRevenue": "6391000", "costofGoodsAndServicesSold": "6391000", "operatingIncome": "-4176999", "sellingGeneralAndAdministrative": "4710000", "researchAndDevelopment": "None", "operatingExpenses": "4710000", "investmentIncomeNet": "None", "netInterestIncome": "-356000", "interestIncome": "None", "interestExpense": "356000", "nonInterestIncome": "None", "otherNonOperatingIncome": "-94000", "depreciation": "None", "depreciationAndAmortization": "1136000", "incomeBeforeTax": "-4627000", "incomeTaxExpense": "32000", "interestAndDebtExpense": "None", "netIncomeFromContinuingOperations": "-4659000", "comprehensiveIncomeNetOfTax": "None", "ebit": "-4270999", "ebitda": "-3134999", "netIncome": "-4531000"}, {"fiscalDateEnding": "2022-05-31", "reportedCurrency": "USD", "grossProfit": "54999", "totalRevenue": "7523000", "costOfRevenue": "7468000", "costofGoodsAndServicesSold": "7468000", "operatingIncome": "-4266000", "sellingGeneralAndAdministrative": "4321000", "researchAndDevelopment": "None", "operatingExpenses": "4321000", "investmentIncomeNet": "None", "netInterestIncome": "-112000", "interestIncome": "None", "interestExpense": "112000", "nonInterestIncome": "None", "otherNonOperatingIncome": "None", "depreciation": "None", "depreciationAndAmortization": "970000", "incomeBeforeTax": "-4377000", "incomeTaxExpense": "266000", "interestAndDebtExpense": "None", "netIncomeFromContinuingOperations": "-4643000", "comprehensiveIncomeNetOfTax": "None", "ebit": "-4265000", "ebitda": "-3295000", "netIncome": "-2807000"}, {"fiscalDateEnding": "2022-02-28", "reportedCurrency": "USD", "grossProfit": "-1061000", "totalRevenue": "1026000", "costOfRevenue": "2087000", "costofGoodsAndServicesSold": "2087000", "operatingIncome": "-2417000", "sellingGeneralAndAdministrative": "1356000", "researchAndDevelopment": "None", "operatingExpenses": "1356000", "investmentIncomeNet": "None", "netInterestIncome": "0", "interestIncome": "None", "interestExpense": "20000", "nonInterestIncome": "None", "otherNonOperatingIncome": "None", "depreciation": "None", "depreciationAndAmortization": "122000", "incomeBeforeTax": "-2337000", "incomeTaxExpense": "60000", "interestAndDebtExpense": "None", "netIncomeFromContinuingOperations": "-2397000", "comprehensiveIncomeNetOfTax": "None", "ebit": "-2337000", "ebitda": "-2215000", "netIncome": "-6445000"}, {"fiscalDateEnding": "2021-11-30", "reportedCurrency": "USD", "grossProfit": "-174000", "totalRevenue": "1426000", "costOfRevenue": "174000", "costofGoodsAndServicesSold": "174000", "operatingIncome": "-1355000", "sellingGeneralAndAdministrative": "1181000", "researchAndDevelopment": "None", "operatingExpenses": "1181000", "investmentIncomeNet": "None", "netInterestIncome": "0", "interestIncome": "None", "interestExpense": "405000", "nonInterestIncome": "None", "otherNonOperatingIncome": "None", "depreciation": "None", "depreciationAndAmortization": "174000", "incomeBeforeTax": "-1355000", "incomeTaxExpense": "214000", "interestAndDebtExpense": "None", "netIncomeFromContinuingOperations": "-171000", "comprehensiveIncomeNetOfTax": "None", "ebit": "-1355000", "ebitda": "-1181000", "netIncome": "-171000"}, {"fiscalDateEnding": "2021-08-31", "reportedCurrency": "USD", "grossProfit": "-3000", "totalRevenue": "612000", "costOfRevenue": "3000", "costofGoodsAndServicesSold": "3000", "operatingIncome": "-13038000", "sellingGeneralAndAdministrative": "13035000", "researchAndDevelopment": "None", "operatingExpenses": "13035000", "investmentIncomeNet": "None", "netInterestIncome": "0", "interestIncome": "None", "interestExpense": "1322000", "nonInterestIncome": "None", "otherNonOperatingIncome": "None", "depreciation": "None", "depreciationAndAmortization": "3000", "incomeBeforeTax": "-14340000", "incomeTaxExpense": "1322000", "interestAndDebtExpense": "None", "netIncomeFromContinuingOperations": "-14097000", "comprehensiveIncomeNetOfTax": "None", "ebit": "-14340000", "ebitda": "-14337000", "netIncome": "-14097000"}, {"fiscalDateEnding": "2021-05-31", "reportedCurrency": "USD", "grossProfit": "None", "totalRevenue": "0", "costOfRevenue": "None", "costofGoodsAndServicesSold": "None", "operatingIncome": "-332000", "sellingGeneralAndAdministrative": "331000", "researchAndDevelopment": "None", "operatingExpenses": "332000", "investmentIncomeNet": "None", "netInterestIncome": "-13000", "interestIncome": "None", "interestExpense": "13000", "nonInterestIncome": "None", "otherNonOperatingIncome": "None", "depreciation": "None", "depreciationAndAmortization": "1000", "incomeBeforeTax": "-345000", "incomeTaxExpense": "13000", "interestAndDebtExpense": "None", "netIncomeFromContinuingOperations": "-345000", "comprehensiveIncomeNetOfTax": "None", "ebit": "-332000", "ebitda": "-331000", "netIncome": "-345000"}, {"fiscalDateEnding": "2021-02-28", "reportedCurrency": "USD", "grossProfit": "-1000", "totalRevenue": "0", "costOfRevenue": "1000", "costofGoodsAndServicesSold": "1000", "operatingIncome": "-77000", "sellingGeneralAndAdministrative": "0", "researchAndDevelopment": "None", "operatingExpenses": "-1000", "investmentIncomeNet": "None", "netInterestIncome": "-77000", "interestIncome": "None", "interestExpense": "77000", "nonInterestIncome": "None", "otherNonOperatingIncome": "None", "depreciation": "None", "depreciationAndAmortization": "54000", "incomeBeforeTax": "-77000", "incomeTaxExpense": "-131000", "interestAndDebtExpense": "None", "netIncomeFromContinuingOperations": "-77000", "comprehensiveIncomeNetOfTax": "None", "ebit": "-131000", "ebitda": "-77000", "netIncome": "-77000"}, {"fiscalDateEnding": "2020-11-30", "reportedCurrency": "USD", "grossProfit": "None", "totalRevenue": "None", "costOfRevenue": "None", "costofGoodsAndServicesSold": "None", "operatingIncome": "-74000", "sellingGeneralAndAdministrative": "None", "researchAndDevelopment": "None", "operatingExpenses": "-74000", "investmentIncomeNet": "None", "netInterestIncome": "None", "interestIncome": "None", "interestExpense": "74000", "nonInterestIncome": "None", "otherNonOperatingIncome": "None", "depreciation": "None", "depreciationAndAmortization": "55806", "incomeBeforeTax": "-74000", "incomeTaxExpense": "-129806", "interestAndDebtExpense": "None", "netIncomeFromContinuingOperations": "None", "comprehensiveIncomeNetOfTax": "None", "ebit": "None", "ebitda": "-74000", "netIncome": "-74000"}, {"fiscalDateEnding": "2020-08-31", "reportedCurrency": "USD", "grossProfit": "None", "totalRevenue": "None", "costOfRevenue": "None", "costofGoodsAndServicesSold": "None", "operatingIncome": "-72000", "sellingGeneralAndAdministrative": "None", "researchAndDevelopment": "None", "operatingExpenses": "-72000", "investmentIncomeNet": "None", "netInterestIncome": "None", "interestIncome": "None", "interestExpense": "72000", "nonInterestIncome": "None", "otherNonOperatingIncome": "None", "depreciation": "None", "depreciationAndAmortization": "55213", "incomeBeforeTax": "-72000", "incomeTaxExpense": "-127213", "interestAndDebtExpense": "None", "netIncomeFromContinuingOperations": "None", "comprehensiveIncomeNetOfTax": "None", "ebit": "None", "ebitda": "-72000", "netIncome": "-72000"}, {"fiscalDateEnding": "2009-02-28", "reportedCurrency": "USD", "grossProfit": "103802", "totalRevenue": "1531804", "costOfRevenue": "1428000", "costofGoodsAndServicesSold": "1428000", "operatingIncome": "-430465", "sellingGeneralAndAdministrative": "449364", "researchAndDevelopment": "84903", "operatingExpenses": "534267", "investmentIncomeNet": "None", "netInterestIncome": "None", "interestIncome": "None", "interestExpense": "2598", "nonInterestIncome": "None", "otherNonOperatingIncome": "None", "depreciation": "None", "depreciationAndAmortization": "105190", "incomeBeforeTax": "-433063", "incomeTaxExpense": "1321", "interestAndDebtExpense": "None", "netIncomeFromContinuingOperations": "-434384", "comprehensiveIncomeNetOfTax": "None", "ebit": "-430465", "ebitda": "-325275", "netIncome": "-434384"}, {"fiscalDateEnding": "2008-11-30", "reportedCurrency": "USD", "grossProfit": "28108", "totalRevenue": "82858", "costOfRevenue": "54750", "costofGoodsAndServicesSold": "54750", "operatingIncome": "-468673", "sellingGeneralAndAdministrative": "427137", "researchAndDevelopment": "69644", "operatingExpenses": "496785", "investmentIncomeNet": "None", "netInterestIncome": "None", "interestIncome": "None", "interestExpense": "26611", "nonInterestIncome": "None", "otherNonOperatingIncome": "None", "depreciation": "None", "depreciationAndAmortization": "18753", "incomeBeforeTax": "-442062", "incomeTaxExpense": "-26611", "interestAndDebtExpense": "None", "netIncomeFromContinuingOperations": "-442062", "comprehensiveIncomeNetOfTax": "None", "ebit": "-442063", "ebitda": "-423310", "netIncome": "-442062"}, {"fiscalDateEnding": "2008-08-31", "reportedCurrency": "USD", "grossProfit": "22628", "totalRevenue": "54855", "costOfRevenue": "32227", "costofGoodsAndServicesSold": "32227", "operatingIncome": "-336853", "sellingGeneralAndAdministrative": "338399", "researchAndDevelopment": "21082", "operatingExpenses": "359481", "investmentIncomeNet": "None", "netInterestIncome": "None", "interestIncome": "None", "interestExpense": "3132", "nonInterestIncome": "None", "otherNonOperatingIncome": "None", "depreciation": "None", "depreciationAndAmortization": "7188", "incomeBeforeTax": "-333721", "incomeTaxExpense": "-3132", "interestAndDebtExpense": "None", "netIncomeFromContinuingOperations": "-333721", "comprehensiveIncomeNetOfTax": "None", "ebit": "-333723", "ebitda": "-326535", "netIncome": "-333721"}, {"fiscalDateEnding": "2008-05-31", "reportedCurrency": "USD", "grossProfit": "53625", "totalRevenue": "89765", "costOfRevenue": "36140", "costofGoodsAndServicesSold": "36140", "operatingIncome": "-305689", "sellingGeneralAndAdministrative": "349292", "researchAndDevelopment": "54589", "operatingExpenses": "359311", "investmentIncomeNet": "None", "netInterestIncome": "None", "interestIncome": "None", "interestExpense": "14600", "nonInterestIncome": "None", "otherNonOperatingIncome": "None", "depreciation": "None", "depreciationAndAmortization": "241268", "incomeBeforeTax": "-844096", "incomeTaxExpense": "1570", "interestAndDebtExpense": "None", "netIncomeFromContinuingOperations": "-845666", "comprehensiveIncomeNetOfTax": "None", "ebit": "-650527", "ebitda": "-409259", "netIncome": "-845666"}, {"fiscalDateEnding": "2008-02-29", "reportedCurrency": "USD", "grossProfit": "67366", "totalRevenue": "125885", "costOfRevenue": "58519", "costofGoodsAndServicesSold": "58519", "operatingIncome": "-658351", "sellingGeneralAndAdministrative": "726000", "researchAndDevelopment": "36373", "operatingExpenses": "725717", "investmentIncomeNet": "None", "netInterestIncome": "None", "interestIncome": "None", "interestExpense": "12217", "nonInterestIncome": "None", "otherNonOperatingIncome": "None", "depreciation": "None", "depreciationAndAmortization": "27250", "incomeBeforeTax": "-746134", "incomeTaxExpense": "2433", "interestAndDebtExpense": "None", "netIncomeFromContinuingOperations": "None", "comprehensiveIncomeNetOfTax": "None", "ebit": "-746131", "ebitda": "-718881", "netIncome": "-748567"}, {"fiscalDateEnding": "2007-11-30", "reportedCurrency": "USD", "grossProfit": "12629", "totalRevenue": "75144", "costOfRevenue": "62515", "costofGoodsAndServicesSold": "62515", "operatingIncome": "-678119", "sellingGeneralAndAdministrative": "690000", "researchAndDevelopment": "84338", "operatingExpenses": "690748", "investmentIncomeNet": "None", "netInterestIncome": "None", "interestIncome": "None", "interestExpense": "30793", "nonInterestIncome": "None", "otherNonOperatingIncome": "None", "depreciation": "None", "depreciationAndAmortization": "27250", "incomeBeforeTax": "-782326", "incomeTaxExpense": "1570", "interestAndDebtExpense": "None", "netIncomeFromContinuingOperations": "None", "comprehensiveIncomeNetOfTax": "None", "ebit": "-782329", "ebitda": "-755079", "netIncome": "-783896"}, {"fiscalDateEnding": "2007-08-31", "reportedCurrency": "USD", "grossProfit": "-23800", "totalRevenue": "46201", "costOfRevenue": "70000", "costofGoodsAndServicesSold": "70000", "operatingIncome": "-946579", "sellingGeneralAndAdministrative": "923000", "researchAndDevelopment": "109422", "operatingExpenses": "922779", "investmentIncomeNet": "None", "netInterestIncome": "None", "interestIncome": "None", "interestExpense": "48612", "nonInterestIncome": "None", "otherNonOperatingIncome": "None", "depreciation": "None", "depreciationAndAmortization": "27250", "incomeBeforeTax": "-906599", "incomeTaxExpense": "1570", "interestAndDebtExpense": "None", "netIncomeFromContinuingOperations": "None", "comprehensiveIncomeNetOfTax": "None", "ebit": "-906599", "ebitda": "-879349", "netIncome": "-908169"}, {"fiscalDateEnding": "2007-05-31", "reportedCurrency": "USD", "grossProfit": "-51663", "totalRevenue": "104118", "costOfRevenue": "155781", "costofGoodsAndServicesSold": "155781", "operatingIncome": "-901474", "sellingGeneralAndAdministrative": "840000", "researchAndDevelopment": "80772", "operatingExpenses": "849811", "investmentIncomeNet": "None", "netInterestIncome": "None", "interestIncome": "None", "interestExpense": "None", "nonInterestIncome": "None", "otherNonOperatingIncome": "None", "depreciation": "None", "depreciationAndAmortization": "9802", "incomeBeforeTax": "-852862", "incomeTaxExpense": "-6636", "interestAndDebtExpense": "None", "netIncomeFromContinuingOperations": "None", "comprehensiveIncomeNetOfTax": "None", "ebit": "-852862", "ebitda": "-843060", "netIncome": "-846226"}, {"fiscalDateEnding": "2007-02-28", "reportedCurrency": "USD", "grossProfit": "-178504", "totalRevenue": "182712", "costOfRevenue": "361216", "costofGoodsAndServicesSold": "361216", "operatingIncome": "-797981", "sellingGeneralAndAdministrative": "620000", "researchAndDevelopment": "22535", "operatingExpenses": "619477", "investmentIncomeNet": "None", "netInterestIncome": "None", "interestIncome": "None", "interestExpense": "59093", "nonInterestIncome": "None", "otherNonOperatingIncome": "None", "depreciation": "None", "depreciationAndAmortization": "27023", "incomeBeforeTax": "-738888", "incomeTaxExpense": "-17925", "interestAndDebtExpense": "None", "netIncomeFromContinuingOperations": "None", "comprehensiveIncomeNetOfTax": "None", "ebit": "-738891", "ebitda": "-711868", "netIncome": "-720963"}, {"fiscalDateEnding": "2006-11-30", "reportedCurrency": "USD", "grossProfit": "159009", "totalRevenue": "654667", "costOfRevenue": "495658", "costofGoodsAndServicesSold": "495658", "operatingIncome": "-709555", "sellingGeneralAndAdministrative": "868000", "researchAndDevelopment": "15348", "operatingExpenses": "868564", "investmentIncomeNet": "None", "netInterestIncome": "None", "interestIncome": "None", "interestExpense": "72862", "nonInterestIncome": "None", "otherNonOperatingIncome": "None", "depreciation": "None", "depreciationAndAmortization": "27023", "incomeBeforeTax": "-636693", "incomeTaxExpense": "5485", "interestAndDebtExpense": "None", "netIncomeFromContinuingOperations": "None", "comprehensiveIncomeNetOfTax": "None", "ebit": "-636695", "ebitda": "-609672", "netIncome": "-642178"}, {"fiscalDateEnding": "2006-08-31", "reportedCurrency": "USD", "grossProfit": "198872", "totalRevenue": "605360", "costOfRevenue": "406488", "costofGoodsAndServicesSold": "406488", "operatingIncome": "-510912", "sellingGeneralAndAdministrative": "845000", "researchAndDevelopment": "11580", "operatingExpenses": "709784", "investmentIncomeNet": "None", "netInterestIncome": "None", "interestIncome": "None", "interestExpense": "20606", "nonInterestIncome": "None", "otherNonOperatingIncome": "None", "depreciation": "None", "depreciationAndAmortization": "27023", "incomeBeforeTax": "-573534", "incomeTaxExpense": "5485", "interestAndDebtExpense": "None", "netIncomeFromContinuingOperations": "None", "comprehensiveIncomeNetOfTax": "None", "ebit": "-573532", "ebitda": "-546509", "netIncome": "-579019"}, {"fiscalDateEnding": "2006-05-31", "reportedCurrency": "USD", "grossProfit": "20113", "totalRevenue": "217724", "costOfRevenue": "197611", "costofGoodsAndServicesSold": "197611", "operatingIncome": "-982591", "sellingGeneralAndAdministrative": "983000", "researchAndDevelopment": "201080", "operatingExpenses": "1002704", "investmentIncomeNet": "None", "netInterestIncome": "None", "interestIncome": "None", "interestExpense": "None", "nonInterestIncome": "None", "otherNonOperatingIncome": "None", "depreciation": "None", "depreciationAndAmortization": "21176", "incomeBeforeTax": "-1003197", "incomeTaxExpense": "6200", "interestAndDebtExpense": "None", "netIncomeFromContinuingOperations": "None", "comprehensiveIncomeNetOfTax": "None", "ebit": "-1003197", "ebitda": "-982021", "netIncome": "-1009397"}, {"fiscalDateEnding": "2006-02-28", "reportedCurrency": "USD", "grossProfit": "420921", "totalRevenue": "914268", "costOfRevenue": "493347", "costofGoodsAndServicesSold": "493347", "operatingIncome": "-440913", "sellingGeneralAndAdministrative": "861000", "researchAndDevelopment": "175018", "operatingExpenses": "861834", "investmentIncomeNet": "None", "netInterestIncome": "None", "interestIncome": "None", "interestExpense": "83051", "nonInterestIncome": "None", "otherNonOperatingIncome": "None", "depreciation": "None", "depreciationAndAmortization": "24015", "incomeBeforeTax": "-357862", "incomeTaxExpense": "6200", "interestAndDebtExpense": "None", "netIncomeFromContinuingOperations": "None", "comprehensiveIncomeNetOfTax": "None", "ebit": "-357863", "ebitda": "-333848", "netIncome": "-364062"}, {"fiscalDateEnding": "2005-11-30", "reportedCurrency": "USD", "grossProfit": "567667", "totalRevenue": "1519510", "costOfRevenue": "951843", "costofGoodsAndServicesSold": "951843", "operatingIncome": "-314803", "sellingGeneralAndAdministrative": "883000", "researchAndDevelopment": "279729", "operatingExpenses": "882470", "investmentIncomeNet": "None", "netInterestIncome": "None", "interestIncome": "None", "interestExpense": "68287", "nonInterestIncome": "None", "otherNonOperatingIncome": "None", "depreciation": "None", "depreciationAndAmortization": "31405", "incomeBeforeTax": "-246516", "incomeTaxExpense": "6200", "interestAndDebtExpense": "None", "netIncomeFromContinuingOperations": "None", "comprehensiveIncomeNetOfTax": "None", "ebit": "-246513", "ebitda": "-215108", "netIncome": "-252716"}, {"fiscalDateEnding": "2005-08-31", "reportedCurrency": "USD", "grossProfit": "405125", "totalRevenue": "1218460", "costOfRevenue": "813335", "costofGoodsAndServicesSold": "813335", "operatingIncome": "-516066", "sellingGeneralAndAdministrative": "921000", "researchAndDevelopment": "398451", "operatingExpenses": "921191", "investmentIncomeNet": "None", "netInterestIncome": "None", "interestIncome": "None", "interestExpense": "109118", "nonInterestIncome": "None", "otherNonOperatingIncome": "None", "depreciation": "None", "depreciationAndAmortization": "31405", "incomeBeforeTax": "-625184", "incomeTaxExpense": "6200", "interestAndDebtExpense": "None", "netIncomeFromContinuingOperations": "None", "comprehensiveIncomeNetOfTax": "None", "ebit": "-625186", "ebitda": "-593781", "netIncome": "-631384"}, {"fiscalDateEnding": "2005-05-31", "reportedCurrency": "USD", "grossProfit": "208237", "totalRevenue": "805733", "costOfRevenue": "597496", "costofGoodsAndServicesSold": "597496", "operatingIncome": "-1616661", "sellingGeneralAndAdministrative": "733000", "researchAndDevelopment": "208829", "operatingExpenses": "1824895", "investmentIncomeNet": "None", "netInterestIncome": "None", "interestIncome": "None", "interestExpense": "67128", "nonInterestIncome": "None", "otherNonOperatingIncome": "None", "depreciation": "None", "depreciationAndAmortization": "37265", "incomeBeforeTax": "-457410", "incomeTaxExpense": "6915", "interestAndDebtExpense": "None", "netIncomeFromContinuingOperations": "None", "comprehensiveIncomeNetOfTax": "None", "ebit": "-457411", "ebitda": "-420146", "netIncome": "-464325"}, {"fiscalDateEnding": "2005-02-28", "reportedCurrency": "USD", "grossProfit": "231578", "totalRevenue": "631197", "costOfRevenue": "399619", "costofGoodsAndServicesSold": "399619", "operatingIncome": "-460782", "sellingGeneralAndAdministrative": "692000", "researchAndDevelopment": "163661", "operatingExpenses": "692360", "investmentIncomeNet": "None", "netInterestIncome": "None", "interestIncome": "None", "interestExpense": "54561", "nonInterestIncome": "None", "otherNonOperatingIncome": "None", "depreciation": "None", "depreciationAndAmortization": "29465", "incomeBeforeTax": "-406221", "incomeTaxExpense": "6915", "interestAndDebtExpense": "None", "netIncomeFromContinuingOperations": "None", "comprehensiveIncomeNetOfTax": "None", "ebit": "-406222", "ebitda": "-376757", "netIncome": "-413136"}, {"fiscalDateEnding": "2004-11-30", "reportedCurrency": "USD", "grossProfit": "124662", "totalRevenue": "437989", "costOfRevenue": "313327", "costofGoodsAndServicesSold": "313327", "operatingIncome": "-531584", "sellingGeneralAndAdministrative": "641000", "researchAndDevelopment": "102091", "operatingExpenses": "656246", "investmentIncomeNet": "None", "netInterestIncome": "None", "interestIncome": "None", "interestExpense": "53642", "nonInterestIncome": "None", "otherNonOperatingIncome": "None", "depreciation": "None", "depreciationAndAmortization": "29465", "incomeBeforeTax": "-477942", "incomeTaxExpense": "6915", "interestAndDebtExpense": "None", "netIncomeFromContinuingOperations": "None", "comprehensiveIncomeNetOfTax": "None", "ebit": "-477944", "ebitda": "-448479", "netIncome": "-484857"}, {"fiscalDateEnding": "2004-08-31", "reportedCurrency": "USD", "grossProfit": "402325", "totalRevenue": "1435952", "costOfRevenue": "1033627", "costofGoodsAndServicesSold": "1033627", "operatingIncome": "-90670", "sellingGeneralAndAdministrative": "493000", "researchAndDevelopment": "82555", "operatingExpenses": "492992", "investmentIncomeNet": "None", "netInterestIncome": "None", "interestIncome": "None", "interestExpense": "48255", "nonInterestIncome": "None", "otherNonOperatingIncome": "None", "depreciation": "None", "depreciationAndAmortization": "29465", "incomeBeforeTax": "-42412", "incomeTaxExpense": "6915", "interestAndDebtExpense": "None", "netIncomeFromContinuingOperations": "None", "comprehensiveIncomeNetOfTax": "None", "ebit": "-90665", "ebitda": "-61200", "netIncome": "-49327"}, {"fiscalDateEnding": "2004-05-31", "reportedCurrency": "USD", "grossProfit": "431950", "totalRevenue": "1290395", "costOfRevenue": "858445", "costofGoodsAndServicesSold": "858445", "operatingIncome": "-12658", "sellingGeneralAndAdministrative": "418000", "researchAndDevelopment": "33185", "operatingExpenses": "444608", "investmentIncomeNet": "None", "netInterestIncome": "None", "interestIncome": "None", "interestExpense": "32287", "nonInterestIncome": "None", "otherNonOperatingIncome": "None", "depreciation": "None", "depreciationAndAmortization": "26597", "incomeBeforeTax": "19629", "incomeTaxExpense": "7892", "interestAndDebtExpense": "None", "netIncomeFromContinuingOperations": "None", "comprehensiveIncomeNetOfTax": "None", "ebit": "-12658", "ebitda": "13939", "netIncome": "11737"}, {"fiscalDateEnding": "2004-02-29", "reportedCurrency": "USD", "grossProfit": "387014", "totalRevenue": "1008923", "costOfRevenue": "621909", "costofGoodsAndServicesSold": "621909", "operatingIncome": "9091", "sellingGeneralAndAdministrative": "355000", "researchAndDevelopment": "60990", "operatingExpenses": "377923", "investmentIncomeNet": "None", "netInterestIncome": "None", "interestIncome": "None", "interestExpense": "4669", "nonInterestIncome": "None", "otherNonOperatingIncome": "None", "depreciation": "None", "depreciationAndAmortization": "23534", "incomeBeforeTax": "13760", "incomeTaxExpense": "7349", "interestAndDebtExpense": "None", "netIncomeFromContinuingOperations": "None", "comprehensiveIncomeNetOfTax": "None", "ebit": "9091", "ebitda": "32625", "netIncome": "6411"}, {"fiscalDateEnding": "2003-11-30", "reportedCurrency": "USD", "grossProfit": "209324", "totalRevenue": "762252", "costOfRevenue": "552928", "costofGoodsAndServicesSold": "552928", "operatingIncome": "-217334", "sellingGeneralAndAdministrative": "408000", "researchAndDevelopment": "59540", "operatingExpenses": "426658", "investmentIncomeNet": "None", "netInterestIncome": "None", "interestIncome": "None", "interestExpense": "1815", "nonInterestIncome": "None", "otherNonOperatingIncome": "None", "depreciation": "None", "depreciationAndAmortization": "18961", "incomeBeforeTax": "-215519", "incomeTaxExpense": "202", "interestAndDebtExpense": "None", "netIncomeFromContinuingOperations": "None", "comprehensiveIncomeNetOfTax": "None", "ebit": "-217334", "ebitda": "-198373", "netIncome": "-215721"}, {"fiscalDateEnding": "2003-08-31", "reportedCurrency": "USD", "grossProfit": "173331", "totalRevenue": "532215", "costOfRevenue": "358884", "costofGoodsAndServicesSold": "358884", "operatingIncome": "-227167", "sellingGeneralAndAdministrative": "381000", "researchAndDevelopment": "27826", "operatingExpenses": "400498", "investmentIncomeNet": "None", "netInterestIncome": "None", "interestIncome": "None", "interestExpense": "978", "nonInterestIncome": "None", "otherNonOperatingIncome": "None", "depreciation": "None", "depreciationAndAmortization": "18961", "incomeBeforeTax": "-226189", "incomeTaxExpense": "452", "interestAndDebtExpense": "None", "netIncomeFromContinuingOperations": "None", "comprehensiveIncomeNetOfTax": "None", "ebit": "-227167", "ebitda": "-208206", "netIncome": "-226641"}, {"fiscalDateEnding": "2003-05-31", "reportedCurrency": "USD", "grossProfit": "140991", "totalRevenue": "565966", "costOfRevenue": "424975", "costofGoodsAndServicesSold": "424975", "operatingIncome": "-224474", "sellingGeneralAndAdministrative": "347000", "researchAndDevelopment": "15246", "operatingExpenses": "365465", "investmentIncomeNet": "None", "netInterestIncome": "None", "interestIncome": "None", "interestExpense": "267", "nonInterestIncome": "None", "otherNonOperatingIncome": "None", "depreciation": "None", "depreciationAndAmortization": "17727", "incomeBeforeTax": "-224207", "incomeTaxExpense": "963", "interestAndDebtExpense": "None", "netIncomeFromContinuingOperations": "None", "comprehensiveIncomeNetOfTax": "None", "ebit": "-224474", "ebitda": "-206747", "netIncome": "-225170"}, {"fiscalDateEnding": "2003-02-28", "reportedCurrency": "USD", "grossProfit": "137105", "totalRevenue": "487299", "costOfRevenue": "350194", "costofGoodsAndServicesSold": "350194", "operatingIncome": "-155968", "sellingGeneralAndAdministrative": "280000", "researchAndDevelopment": "8375", "operatingExpenses": "293073", "investmentIncomeNet": "None", "netInterestIncome": "None", "interestIncome": "None", "interestExpense": "1831", "nonInterestIncome": "None", "otherNonOperatingIncome": "None", "depreciation": "None", "depreciationAndAmortization": "13806", "incomeBeforeTax": "-154137", "incomeTaxExpense": "846", "interestAndDebtExpense": "None", "netIncomeFromContinuingOperations": "None", "comprehensiveIncomeNetOfTax": "None", "ebit": "-155968", "ebitda": "-142162", "netIncome": "-154983"}, {"fiscalDateEnding": "2002-11-30", "reportedCurrency": "USD", "grossProfit": "15742", "totalRevenue": "39832", "costOfRevenue": "24090", "costofGoodsAndServicesSold": "24090", "operatingIncome": "-313941", "sellingGeneralAndAdministrative": "316000", "researchAndDevelopment": "12155", "operatingExpenses": "329683", "investmentIncomeNet": "None", "netInterestIncome": "None", "interestIncome": "None", "interestExpense": "205", "nonInterestIncome": "None", "otherNonOperatingIncome": "None", "depreciation": "None", "depreciationAndAmortization": "13806", "incomeBeforeTax": "-309796", "incomeTaxExpense": "-4145", "interestAndDebtExpense": "None", "netIncomeFromContinuingOperations": "None", "comprehensiveIncomeNetOfTax": "None", "ebit": "-313941", "ebitda": "-300135", "netIncome": "-309796"}, {"fiscalDateEnding": "2002-08-31", "reportedCurrency": "USD", "grossProfit": "-59083", "totalRevenue": "None", "costOfRevenue": "59083", "costofGoodsAndServicesSold": "59083", "operatingIncome": "-253418", "sellingGeneralAndAdministrative": "240000", "researchAndDevelopment": "4668", "operatingExpenses": "194335", "investmentIncomeNet": "None", "netInterestIncome": "None", "interestIncome": "None", "interestExpense": "2027", "nonInterestIncome": "None", "otherNonOperatingIncome": "None", "depreciation": "None", "depreciationAndAmortization": "13744", "incomeBeforeTax": "-254025", "incomeTaxExpense": "None", "interestAndDebtExpense": "None", "netIncomeFromContinuingOperations": "None", "comprehensiveIncomeNetOfTax": "None", "ebit": "-245550", "ebitda": "-231806", "netIncome": "-254025"}, {"fiscalDateEnding": "2002-05-31", "reportedCurrency": "USD", "grossProfit": "None", "totalRevenue": "None", "costOfRevenue": "None", "costofGoodsAndServicesSold": "None", "operatingIncome": "-43578", "sellingGeneralAndAdministrative": "None", "researchAndDevelopment": "None", "operatingExpenses": "43578", "investmentIncomeNet": "None", "netInterestIncome": "None", "interestIncome": "None", "interestExpense": "449", "nonInterestIncome": "None", "otherNonOperatingIncome": "None", "depreciation": "None", "depreciationAndAmortization": "449", "incomeBeforeTax": "-44027", "incomeTaxExpense": "800", "interestAndDebtExpense": "None", "netIncomeFromContinuingOperations": "None", "comprehensiveIncomeNetOfTax": "None", "ebit": "-43578", "ebitda": "-43129", "netIncome": "-44827"}, {"fiscalDateEnding": "2002-02-28", "reportedCurrency": "USD", "grossProfit": "1293", "totalRevenue": "1293", "costOfRevenue": "None", "costofGoodsAndServicesSold": "None", "operatingIncome": "-9884", "sellingGeneralAndAdministrative": "None", "researchAndDevelopment": "None", "operatingExpenses": "11177", "investmentIncomeNet": "None", "netInterestIncome": "None", "interestIncome": "None", "interestExpense": "4397", "nonInterestIncome": "None", "otherNonOperatingIncome": "None", "depreciation": "None", "depreciationAndAmortization": "None", "incomeBeforeTax": "None", "incomeTaxExpense": "9884", "interestAndDebtExpense": "None", "netIncomeFromContinuingOperations": "None", "comprehensiveIncomeNetOfTax": "None", "ebit": "None", "ebitda": "-9884", "netIncome": "-9884"}, {"fiscalDateEnding": "2001-08-31", "reportedCurrency": "USD", "grossProfit": "3976", "totalRevenue": "3976", "costOfRevenue": "10000", "costofGoodsAndServicesSold": "10000", "operatingIncome": "-5635", "sellingGeneralAndAdministrative": "None", "researchAndDevelopment": "None", "operatingExpenses": "9611", "investmentIncomeNet": "None", "netInterestIncome": "None", "interestIncome": "None", "interestExpense": "5635", "nonInterestIncome": "None", "otherNonOperatingIncome": "None", "depreciation": "None", "depreciationAndAmortization": "None", "incomeBeforeTax": "None", "incomeTaxExpense": "5635", "interestAndDebtExpense": "None", "netIncomeFromContinuingOperations": "None", "comprehensiveIncomeNetOfTax": "None", "ebit": "None", "ebitda": "-5635", "netIncome": "-5635"}]}