{"symbol": "ATHR", "annualReports": [{"fiscalDateEnding": "2025-09-30", "reportedCurrency": "USD", "grossProfit": "977469", "totalRevenue": "1380850", "costOfRevenue": "403381", "costofGoodsAndServicesSold": "403381", "operatingIncome": "-3252331", "sellingGeneralAndAdministrative": "3623915", "researchAndDevelopment": "52500", "operatingExpenses": "4229800", "investmentIncomeNet": "None", "netInterestIncome": "91439", "interestIncome": "91439", "interestExpense": "None", "nonInterestIncome": "None", "otherNonOperatingIncome": "None", "depreciation": "None", "depreciationAndAmortization": "1063", "incomeBeforeTax": "-3136013", "incomeTaxExpense": "-5298", "interestAndDebtExpense": "None", "netIncomeFromContinuingOperations": "-3141311", "comprehensiveIncomeNetOfTax": "None", "ebit": "-3136012", "ebitda": "-3134949", "netIncome": "-3141311"}, {"fiscalDateEnding": "2024-09-30", "reportedCurrency": "USD", "grossProfit": "994630", "totalRevenue": "1440096", "costOfRevenue": "445466", "costofGoodsAndServicesSold": "445466", "operatingIncome": "-939436", "sellingGeneralAndAdministrative": "1653623", "researchAndDevelopment": "150000", "operatingExpenses": "1934066", "investmentIncomeNet": "None", "netInterestIncome": "0", "interestIncome": "0", "interestExpense": "None", "nonInterestIncome": "None", "otherNonOperatingIncome": "None", "depreciation": "None", "depreciationAndAmortization": "2094", "incomeBeforeTax": "-939436", "incomeTaxExpense": "None", "interestAndDebtExpense": "None", "netIncomeFromContinuingOperations": "-939436", "comprehensiveIncomeNetOfTax": "None", "ebit": "-939436", "ebitda": "-937342", "netIncome": "-939436"}, {"fiscalDateEnding": "2023-09-30", "reportedCurrency": "USD", "grossProfit": "1145837", "totalRevenue": "1555542", "costOfRevenue": "409705", "costofGoodsAndServicesSold": "409705", "operatingIncome": "-295747", "sellingGeneralAndAdministrative": "1287290", "researchAndDevelopment": "100000", "operatingExpenses": "1441584", "investmentIncomeNet": "None", "netInterestIncome": "None", "interestIncome": "None", "interestExpense": "None", "nonInterestIncome": "None", "otherNonOperatingIncome": "None", "depreciation": "None", "depreciationAndAmortization": "2318", "incomeBeforeTax": "-295747", "incomeTaxExpense": "None", "interestAndDebtExpense": "None", "netIncomeFromContinuingOperations": "-295747", "comprehensiveIncomeNetOfTax": "None", "ebit": "-295747", "ebitda": "-293429", "netIncome": "-277377"}, {"fiscalDateEnding": "2022-09-30", "reportedCurrency": "USD", "grossProfit": "1178897", "totalRevenue": "1586088", "costOfRevenue": "407191", "costofGoodsAndServicesSold": "407191", "operatingIncome": "-21410", "sellingGeneralAndAdministrative": "1045922", "researchAndDevelopment": "None", "operatingExpenses": "1200307", "investmentIncomeNet": "None", "netInterestIncome": "None", "interestIncome": "None", "interestExpense": "None", "nonInterestIncome": "None", "otherNonOperatingIncome": "None", "depreciation": "None", "depreciationAndAmortization": "3199", "incomeBeforeTax": "-21410", "incomeTaxExpense": "None", "interestAndDebtExpense": "None", "netIncomeFromContinuingOperations": "-21410", "comprehensiveIncomeNetOfTax": "None", "ebit": "-21410", "ebitda": "-18211", "netIncome": "-14987"}], "quarterlyReports": [{"fiscalDateEnding": "2025-09-30", "reportedCurrency": "USD", "grossProfit": "258869", "totalRevenue": "341890", "costOfRevenue": "83021", "costofGoodsAndServicesSold": "83021", "operatingIncome": "-1491580", "sellingGeneralAndAdministrative": "1366412", "researchAndDevelopment": "52500", "operatingExpenses": "1750449", "investmentIncomeNet": "None", "netInterestIncome": "43594", "interestIncome": "43594", "interestExpense": "None", "nonInterestIncome": "None", "otherNonOperatingIncome": "None", "depreciation": "None", "depreciationAndAmortization": "-594", "incomeBeforeTax": "-1423107", "incomeTaxExpense": "None", "interestAndDebtExpense": "None", "netIncomeFromContinuingOperations": "-1423107", "comprehensiveIncomeNetOfTax": "None", "ebit": "-1422512", "ebitda": "-1423106", "netIncome": "-1423107"}, {"fiscalDateEnding": "2025-06-30", "reportedCurrency": "USD", "grossProfit": "239225", "totalRevenue": "342411", "costOfRevenue": "103186", "costofGoodsAndServicesSold": "103186", "operatingIncome": "-1053669", "sellingGeneralAndAdministrative": "1149713", "researchAndDevelopment": "None", "operatingExpenses": "1292894", "investmentIncomeNet": "None", "netInterestIncome": "47845", "interestIncome": "47845", "interestExpense": "None", "nonInterestIncome": "None", "otherNonOperatingIncome": "None", "depreciation": "None", "depreciationAndAmortization": "609", "incomeBeforeTax": "-1005824", "incomeTaxExpense": "None", "interestAndDebtExpense": "None", "netIncomeFromContinuingOperations": "-1005824", "comprehensiveIncomeNetOfTax": "None", "ebit": "-1005824", "ebitda": "-1005215", "netIncome": "-1005824"}, {"fiscalDateEnding": "2025-03-31", "reportedCurrency": "USD", "grossProfit": "232290", "totalRevenue": "341906", "costOfRevenue": "109616", "costofGoodsAndServicesSold": "109616", "operatingIncome": "-384883", "sellingGeneralAndAdministrative": "560551", "researchAndDevelopment": "None", "operatingExpenses": "617173", "investmentIncomeNet": "None", "netInterestIncome": "None", "interestIncome": "None", "interestExpense": "None", "nonInterestIncome": "None", "otherNonOperatingIncome": "None", "depreciation": "None", "depreciationAndAmortization": "524", "incomeBeforeTax": "-384883", "incomeTaxExpense": "5298", "interestAndDebtExpense": "None", "netIncomeFromContinuingOperations": "-390181", "comprehensiveIncomeNetOfTax": "None", "ebit": "-384883", "ebitda": "-384359", "netIncome": "-390181"}, {"fiscalDateEnding": "2024-12-31", "reportedCurrency": "USD", "grossProfit": "247085", "totalRevenue": "354643", "costOfRevenue": "107558", "costofGoodsAndServicesSold": "107558", "operatingIncome": "-284989", "sellingGeneralAndAdministrative": "510029", "researchAndDevelopment": "None", "operatingExpenses": "532074", "investmentIncomeNet": "None", "netInterestIncome": "None", "interestIncome": "None", "interestExpense": "None", "nonInterestIncome": "None", "otherNonOperatingIncome": "None", "depreciation": "None", "depreciationAndAmortization": "523", "incomeBeforeTax": "-284989", "incomeTaxExpense": "None", "interestAndDebtExpense": "None", "netIncomeFromContinuingOperations": "-284989", "comprehensiveIncomeNetOfTax": "None", "ebit": "-284989", "ebitda": "-284466", "netIncome": "-284989"}, {"fiscalDateEnding": "2024-09-30", "reportedCurrency": "USD", "grossProfit": "240454", "totalRevenue": "352775", "costOfRevenue": "112321", "costofGoodsAndServicesSold": "112321", "operatingIncome": "-309397", "sellingGeneralAndAdministrative": "372050", "researchAndDevelopment": "150000", "operatingExpenses": "549851", "investmentIncomeNet": "None", "netInterestIncome": "None", "interestIncome": "None", "interestExpense": "None", "nonInterestIncome": "None", "otherNonOperatingIncome": "None", "depreciation": "None", "depreciationAndAmortization": "523", "incomeBeforeTax": "-309397", "incomeTaxExpense": "None", "interestAndDebtExpense": "None", "netIncomeFromContinuingOperations": "-309397", "comprehensiveIncomeNetOfTax": "None", "ebit": "-309397", "ebitda": "-308874", "netIncome": "-309397"}, {"fiscalDateEnding": "2024-06-30", "reportedCurrency": "USD", "grossProfit": "246427", "totalRevenue": "356688", "costOfRevenue": "110261", "costofGoodsAndServicesSold": "110261", "operatingIncome": "-327861", "sellingGeneralAndAdministrative": "551985", "researchAndDevelopment": "None", "operatingExpenses": "574288", "investmentIncomeNet": "None", "netInterestIncome": "0", "interestIncome": "0", "interestExpense": "None", "nonInterestIncome": "None", "otherNonOperatingIncome": "None", "depreciation": "None", "depreciationAndAmortization": "524", "incomeBeforeTax": "-327861", "incomeTaxExpense": "None", "interestAndDebtExpense": "None", "netIncomeFromContinuingOperations": "-327861", "comprehensiveIncomeNetOfTax": "None", "ebit": "-327861", "ebitda": "-327337", "netIncome": "-327861"}, {"fiscalDateEnding": "2024-03-31", "reportedCurrency": "USD", "grossProfit": "255635", "totalRevenue": "365220", "costOfRevenue": "109585", "costofGoodsAndServicesSold": "109585", "operatingIncome": "-173212", "sellingGeneralAndAdministrative": "400506", "researchAndDevelopment": "None", "operatingExpenses": "428847", "investmentIncomeNet": "None", "netInterestIncome": "None", "interestIncome": "None", "interestExpense": "None", "nonInterestIncome": "None", "otherNonOperatingIncome": "None", "depreciation": "None", "depreciationAndAmortization": "523", "incomeBeforeTax": "-173212", "incomeTaxExpense": "None", "interestAndDebtExpense": "None", "netIncomeFromContinuingOperations": "-173212", "comprehensiveIncomeNetOfTax": "None", "ebit": "-173212", "ebitda": "-172689", "netIncome": "-173212"}, {"fiscalDateEnding": "2023-12-31", "reportedCurrency": "USD", "grossProfit": "252114", "totalRevenue": "365413", "costOfRevenue": "113299", "costofGoodsAndServicesSold": "113299", "operatingIncome": "-93939", "sellingGeneralAndAdministrative": "294055", "researchAndDevelopment": "None", "operatingExpenses": "346053", "investmentIncomeNet": "None", "netInterestIncome": "None", "interestIncome": "None", "interestExpense": "None", "nonInterestIncome": "None", "otherNonOperatingIncome": "None", "depreciation": "None", "depreciationAndAmortization": "524", "incomeBeforeTax": "-93939", "incomeTaxExpense": "None", "interestAndDebtExpense": "None", "netIncomeFromContinuingOperations": "-93939", "comprehensiveIncomeNetOfTax": "None", "ebit": "-93939", "ebitda": "-93415", "netIncome": "-93939"}, {"fiscalDateEnding": "2023-09-30", "reportedCurrency": "None", "grossProfit": "281922", "totalRevenue": "369502", "costOfRevenue": "87580", "costofGoodsAndServicesSold": "87580", "operatingIncome": "-50027", "sellingGeneralAndAdministrative": "318982", "researchAndDevelopment": "None", "operatingExpenses": "331949", "investmentIncomeNet": "None", "netInterestIncome": "None", "interestIncome": "None", "interestExpense": "None", "nonInterestIncome": "None", "otherNonOperatingIncome": "None", "depreciation": "None", "depreciationAndAmortization": "523", "incomeBeforeTax": "-50027", "incomeTaxExpense": "None", "interestAndDebtExpense": "None", "netIncomeFromContinuingOperations": "None", "comprehensiveIncomeNetOfTax": "None", "ebit": "-50027", "ebitda": "-49504", "netIncome": "-18414"}, {"fiscalDateEnding": "2023-06-30", "reportedCurrency": "None", "grossProfit": "264379", "totalRevenue": "375606", "costOfRevenue": "111227", "costofGoodsAndServicesSold": "111227", "operatingIncome": "-280112", "sellingGeneralAndAdministrative": "532393", "researchAndDevelopment": "None", "operatingExpenses": "544491", "investmentIncomeNet": "None", "netInterestIncome": "None", "interestIncome": "None", "interestExpense": "None", "nonInterestIncome": "None", "otherNonOperatingIncome": "None", "depreciation": "None", "depreciationAndAmortization": "524", "incomeBeforeTax": "-280112", "incomeTaxExpense": "None", "interestAndDebtExpense": "None", "netIncomeFromContinuingOperations": "None", "comprehensiveIncomeNetOfTax": "None", "ebit": "-280112", "ebitda": "-279588", "netIncome": "-280112"}, {"fiscalDateEnding": "2023-03-31", "reportedCurrency": "None", "grossProfit": "293708", "totalRevenue": "400962", "costOfRevenue": "107254", "costofGoodsAndServicesSold": "107254", "operatingIncome": "-13038", "sellingGeneralAndAdministrative": "292645", "researchAndDevelopment": "None", "operatingExpenses": "306746", "investmentIncomeNet": "None", "netInterestIncome": "None", "interestIncome": "None", "interestExpense": "None", "nonInterestIncome": "None", "otherNonOperatingIncome": "None", "depreciation": "None", "depreciationAndAmortization": "None", "incomeBeforeTax": "-13038", "incomeTaxExpense": "None", "interestAndDebtExpense": "None", "netIncomeFromContinuingOperations": "None", "comprehensiveIncomeNetOfTax": "None", "ebit": "-13038", "ebitda": "-13038", "netIncome": "-12052"}]}