{"symbol": "BLK", "annualReports": [{"fiscalDateEnding": "2025-12-31", "reportedCurrency": "USD", "grossProfit": "13445000000", "totalRevenue": "24216000000", "costOfRevenue": "10771000000", "costofGoodsAndServicesSold": "10771000000", "operatingIncome": "7045000000", "sellingGeneralAndAdministrative": "4415000000", "researchAndDevelopment": "189000000", "operatingExpenses": "6400000000", "investmentIncomeNet": "None", "netInterestIncome": "None", "interestIncome": "574000000", "interestExpense": "706000000", "nonInterestIncome": "None", "otherNonOperatingIncome": "None", "depreciation": "None", "depreciationAndAmortization": "664000000", "incomeBeforeTax": "7619000000", "incomeTaxExpense": "1677000000", "interestAndDebtExpense": "None", "netIncomeFromContinuingOperations": "None", "comprehensiveIncomeNetOfTax": "None", "ebit": "7810000000", "ebitda": "8474000000", "netIncome": "5553000000"}, {"fiscalDateEnding": "2024-12-31", "reportedCurrency": "USD", "grossProfit": "10086000000", "totalRevenue": "20407000000", "costOfRevenue": "10321000000", "costofGoodsAndServicesSold": "10321000000", "operatingIncome": "7574000000", "sellingGeneralAndAdministrative": "1943000000", "researchAndDevelopment": "674000000", "operatingExpenses": "2512000000", "investmentIncomeNet": "None", "netInterestIncome": "229000000", "interestIncome": "767000000", "interestExpense": "538000000", "nonInterestIncome": "None", "otherNonOperatingIncome": "None", "depreciation": "None", "depreciationAndAmortization": "529000000", "incomeBeforeTax": "8295000000", "incomeTaxExpense": "1783000000", "interestAndDebtExpense": "None", "netIncomeFromContinuingOperations": "6512000000", "comprehensiveIncomeNetOfTax": "None", "ebit": "7678000000", "ebitda": "8207000000", "netIncome": "6369000000"}, {"fiscalDateEnding": "2023-12-31", "reportedCurrency": "USD", "grossProfit": "8582000000", "totalRevenue": "17859000000", "costOfRevenue": "9277000000", "costofGoodsAndServicesSold": "9277000000", "operatingIncome": "6275000000", "sellingGeneralAndAdministrative": "1789000000", "researchAndDevelopment": "607000000", "operatingExpenses": "2307000000", "investmentIncomeNet": "None", "netInterestIncome": "122000000", "interestIncome": "386000000", "interestExpense": "292000000", "nonInterestIncome": "None", "otherNonOperatingIncome": "None", "depreciation": "None", "depreciationAndAmortization": "427000000", "incomeBeforeTax": "7155000000", "incomeTaxExpense": "1479000000", "interestAndDebtExpense": "None", "netIncomeFromContinuingOperations": "5494000000", "comprehensiveIncomeNetOfTax": "None", "ebit": "6346000000", "ebitda": "6773000000", "netIncome": "5502000000"}, {"fiscalDateEnding": "2022-12-31", "reportedCurrency": "USD", "grossProfit": "8684000000", "totalRevenue": "17873000000", "costOfRevenue": "9189000000", "costofGoodsAndServicesSold": "9189000000", "operatingIncome": "6385000000", "sellingGeneralAndAdministrative": "1799000000", "researchAndDevelopment": "600000000", "operatingExpenses": "2299000000", "investmentIncomeNet": "None", "netInterestIncome": "-60000000", "interestIncome": "95000000", "interestExpense": "212000000", "nonInterestIncome": "None", "otherNonOperatingIncome": "117000000", "depreciation": "None", "depreciationAndAmortization": "418000000", "incomeBeforeTax": "6290000000", "incomeTaxExpense": "1296000000", "interestAndDebtExpense": "None", "netIncomeFromContinuingOperations": "4994000000", "comprehensiveIncomeNetOfTax": "None", "ebit": "6479000000", "ebitda": "6897000000", "netIncome": "5178000000"}, {"fiscalDateEnding": "2021-12-31", "reportedCurrency": "USD", "grossProfit": "9818000000", "totalRevenue": "19374000000", "costOfRevenue": "9556000000", "costofGoodsAndServicesSold": "9556000000", "operatingIncome": "7450000000", "sellingGeneralAndAdministrative": "1959000000", "researchAndDevelopment": "508000000", "operatingExpenses": "2368000000", "investmentIncomeNet": "None", "netInterestIncome": "-118000000", "interestIncome": "723000000", "interestExpense": "205000000", "nonInterestIncome": "None", "otherNonOperatingIncome": "928000000", "depreciation": "None", "depreciationAndAmortization": "415000000", "incomeBeforeTax": "8173000000", "incomeTaxExpense": "1968000000", "interestAndDebtExpense": "None", "netIncomeFromContinuingOperations": "6205000000", "comprehensiveIncomeNetOfTax": "None", "ebit": "7484000000", "ebitda": "7899000000", "netIncome": "5901000000"}, {"fiscalDateEnding": "2020-12-31", "reportedCurrency": "USD", "grossProfit": "8266000000", "totalRevenue": "16205000000", "costOfRevenue": "7939000000", "costofGoodsAndServicesSold": "7939000000", "operatingIncome": "5695000000", "sellingGeneralAndAdministrative": "2255000000", "researchAndDevelopment": "0.39", "operatingExpenses": "2571000000", "investmentIncomeNet": "None", "netInterestIncome": "-143000000", "interestIncome": "62000000", "interestExpense": "205000000", "nonInterestIncome": "None", "otherNonOperatingIncome": "1034000000", "depreciation": "None", "depreciationAndAmortization": "358000000", "incomeBeforeTax": "6524000000", "incomeTaxExpense": "1238000000", "interestAndDebtExpense": "None", "netIncomeFromContinuingOperations": "5286000000", "comprehensiveIncomeNetOfTax": "None", "ebit": "5718000000", "ebitda": "6076000000", "netIncome": "4932000000"}, {"fiscalDateEnding": "2019-12-31", "reportedCurrency": "USD", "grossProfit": "7406000000", "totalRevenue": "14539000000", "costOfRevenue": "7133000000", "costofGoodsAndServicesSold": "7133000000", "operatingIncome": "5551000000", "sellingGeneralAndAdministrative": "1525000000", "researchAndDevelopment": "0.39", "operatingExpenses": "1855000000", "investmentIncomeNet": "None", "netInterestIncome": "-106000000", "interestIncome": "97000000", "interestExpense": "203000000", "nonInterestIncome": "None", "otherNonOperatingIncome": "439000000", "depreciation": "None", "depreciationAndAmortization": "296000000", "incomeBeforeTax": "5787000000", "incomeTaxExpense": "1261000000", "interestAndDebtExpense": "None", "netIncomeFromContinuingOperations": "4526000000", "comprehensiveIncomeNetOfTax": "None", "ebit": "5604000000", "ebitda": "5900000000", "netIncome": "4476000000"}, {"fiscalDateEnding": "2018-12-31", "reportedCurrency": "USD", "grossProfit": "7205000000", "totalRevenue": "14198000000", "costOfRevenue": "6993000000", "costofGoodsAndServicesSold": "6993000000", "operatingIncome": "5457000000", "sellingGeneralAndAdministrative": "1438000000", "researchAndDevelopment": "0.38", "operatingExpenses": "1748000000", "investmentIncomeNet": "None", "netInterestIncome": "-80000000", "interestIncome": "104000000", "interestExpense": "184000000", "nonInterestIncome": "None", "otherNonOperatingIncome": "105000000", "depreciation": "None", "depreciationAndAmortization": "220000000", "incomeBeforeTax": "5378000000", "incomeTaxExpense": "1076000000", "interestAndDebtExpense": "None", "netIncomeFromContinuingOperations": "4302000000", "comprehensiveIncomeNetOfTax": "None", "ebit": "5582000000", "ebitda": "5802000000", "netIncome": "4305000000"}, {"fiscalDateEnding": "2017-12-31", "reportedCurrency": "USD", "grossProfit": "6789000000", "totalRevenue": "13600000000", "costOfRevenue": "6811000000", "costofGoodsAndServicesSold": "6811000000", "operatingIncome": "5254000000", "sellingGeneralAndAdministrative": "1306000000", "researchAndDevelopment": "0.38", "operatingExpenses": "1535000000", "investmentIncomeNet": "None", "netInterestIncome": "-156000000", "interestIncome": "49000000", "interestExpense": "205000000", "nonInterestIncome": "None", "otherNonOperatingIncome": "210000000", "depreciation": "None", "depreciationAndAmortization": "240000000", "incomeBeforeTax": "5259000000", "incomeTaxExpense": "270000000", "interestAndDebtExpense": "None", "netIncomeFromContinuingOperations": "5007000000", "comprehensiveIncomeNetOfTax": "None", "ebit": "5262000000", "ebitda": "5502000000", "netIncome": "4952000000"}, {"fiscalDateEnding": "2016-12-31", "reportedCurrency": "USD", "grossProfit": "6018000000", "totalRevenue": "12261000000", "costOfRevenue": "6243000000", "costofGoodsAndServicesSold": "6243000000", "operatingIncome": "4570000000", "sellingGeneralAndAdministrative": "955000000", "researchAndDevelopment": "175000000", "operatingExpenses": "1453000000", "investmentIncomeNet": "None", "netInterestIncome": "-165000000", "interestIncome": "40000000", "interestExpense": "205000000", "nonInterestIncome": "None", "otherNonOperatingIncome": "95000000", "depreciation": "None", "depreciationAndAmortization": "263000000", "incomeBeforeTax": "4460000000", "incomeTaxExpense": "1290000000", "interestAndDebtExpense": "None", "netIncomeFromContinuingOperations": "3170000000", "comprehensiveIncomeNetOfTax": "None", "ebit": "4639000000", "ebitda": "4902000000", "netIncome": "3172000000"}, {"fiscalDateEnding": "2015-12-31", "reportedCurrency": "USD", "grossProfit": "6172000000", "totalRevenue": "11401000000", "costOfRevenue": "5229000000", "costofGoodsAndServicesSold": "5229000000", "operatingIncome": "4664000000", "sellingGeneralAndAdministrative": "1015000000", "researchAndDevelopment": "170000000", "operatingExpenses": "1508000000", "investmentIncomeNet": "None", "netInterestIncome": "None", "interestIncome": "62000000", "interestExpense": "204000000", "nonInterestIncome": "None", "otherNonOperatingIncome": "84000000", "depreciation": "None", "depreciationAndAmortization": "295000000", "incomeBeforeTax": "4602000000", "incomeTaxExpense": "1250000000", "interestAndDebtExpense": "None", "netIncomeFromContinuingOperations": "3352000000", "comprehensiveIncomeNetOfTax": "None", "ebit": "4664000000", "ebitda": "4959000000", "netIncome": "3345000000"}, {"fiscalDateEnding": "2014-12-31", "reportedCurrency": "USD", "grossProfit": "6084000000", "totalRevenue": "11081000000", "costOfRevenue": "4997000000", "costofGoodsAndServicesSold": "4997000000", "operatingIncome": "4474000000", "sellingGeneralAndAdministrative": "1040000000", "researchAndDevelopment": "164000000", "operatingExpenses": "1610000000", "investmentIncomeNet": "None", "netInterestIncome": "None", "interestIncome": "None", "interestExpense": "232000000", "nonInterestIncome": "None", "otherNonOperatingIncome": "-79000000", "depreciation": "None", "depreciationAndAmortization": "278000000", "incomeBeforeTax": "4395000000", "incomeTaxExpense": "1131000000", "interestAndDebtExpense": "None", "netIncomeFromContinuingOperations": "3264000000", "comprehensiveIncomeNetOfTax": "None", "ebit": "4474000000", "ebitda": "4752000000", "netIncome": "3294000000"}, {"fiscalDateEnding": "2013-12-31", "reportedCurrency": "USD", "grossProfit": "5558000000", "totalRevenue": "10180000000", "costOfRevenue": "4622000000", "costofGoodsAndServicesSold": "4622000000", "operatingIncome": "3857000000", "sellingGeneralAndAdministrative": "1007000000", "researchAndDevelopment": "160000000", "operatingExpenses": "1701000000", "investmentIncomeNet": "None", "netInterestIncome": "None", "interestIncome": "None", "interestExpense": "211000000", "nonInterestIncome": "None", "otherNonOperatingIncome": "116000000", "depreciation": "None", "depreciationAndAmortization": "291000000", "incomeBeforeTax": "3973000000", "incomeTaxExpense": "1022000000", "interestAndDebtExpense": "None", "netIncomeFromContinuingOperations": "2951000000", "comprehensiveIncomeNetOfTax": "None", "ebit": "3981000000", "ebitda": "4272000000", "netIncome": "2932000000"}, {"fiscalDateEnding": "2012-12-31", "reportedCurrency": "USD", "grossProfit": "5040000000", "totalRevenue": "9337000000", "costOfRevenue": "4297000000", "costofGoodsAndServicesSold": "4297000000", "operatingIncome": "3524000000", "sellingGeneralAndAdministrative": "975000000", "researchAndDevelopment": "150000000", "operatingExpenses": "1516000000", "investmentIncomeNet": "None", "netInterestIncome": "None", "interestIncome": "None", "interestExpense": "215000000", "nonInterestIncome": "None", "otherNonOperatingIncome": "-54000000", "depreciation": "None", "depreciationAndAmortization": "295000000", "incomeBeforeTax": "3470000000", "incomeTaxExpense": "1030000000", "interestAndDebtExpense": "None", "netIncomeFromContinuingOperations": "2440000000", "comprehensiveIncomeNetOfTax": "None", "ebit": "3524000000", "ebitda": "3819000000", "netIncome": "2458000000"}, {"fiscalDateEnding": "2011-12-31", "reportedCurrency": "USD", "grossProfit": "4852000000", "totalRevenue": "9081000000", "costOfRevenue": "3355000000", "costofGoodsAndServicesSold": "3355000000", "operatingIncome": "3249000000", "sellingGeneralAndAdministrative": "5177000000", "researchAndDevelopment": "0", "operatingExpenses": "1603000000", "investmentIncomeNet": "None", "netInterestIncome": "None", "interestIncome": "None", "interestExpense": "176000000", "nonInterestIncome": "None", "otherNonOperatingIncome": "-114000000", "depreciation": "None", "depreciationAndAmortization": "156000000", "incomeBeforeTax": "3135000000", "incomeTaxExpense": "796000000", "interestAndDebtExpense": "None", "netIncomeFromContinuingOperations": "2339000000", "comprehensiveIncomeNetOfTax": "None", "ebit": "3315000000", "ebitda": "3471000000", "netIncome": "2337000000"}, {"fiscalDateEnding": "2010-12-31", "reportedCurrency": "USD", "grossProfit": "5107000000", "totalRevenue": "8612000000", "costOfRevenue": "3505000000", "costofGoodsAndServicesSold": "3505000000", "operatingIncome": "2998000000", "sellingGeneralAndAdministrative": "4944000000", "researchAndDevelopment": "0", "operatingExpenses": "2109000000", "investmentIncomeNet": "None", "netInterestIncome": "None", "interestIncome": "None", "interestExpense": "150000000", "nonInterestIncome": "None", "otherNonOperatingIncome": "23000000", "depreciation": "None", "depreciationAndAmortization": "305000000", "incomeBeforeTax": "3021000000", "incomeTaxExpense": "971000000", "interestAndDebtExpense": "None", "netIncomeFromContinuingOperations": "2050000000", "comprehensiveIncomeNetOfTax": "None", "ebit": "3246000000", "ebitda": "3551000000", "netIncome": "2063000000"}, {"fiscalDateEnding": "2009-12-31", "reportedCurrency": "USD", "grossProfit": "4223000000", "totalRevenue": "4700000000", "costOfRevenue": "1949000000", "costofGoodsAndServicesSold": "1949000000", "operatingIncome": "1541000000", "sellingGeneralAndAdministrative": "2676000000", "researchAndDevelopment": "0", "operatingExpenses": "3826000000", "investmentIncomeNet": "None", "netInterestIncome": "None", "interestIncome": "None", "interestExpense": "68000000", "nonInterestIncome": "None", "otherNonOperatingIncome": "None", "depreciation": "None", "depreciationAndAmortization": "232000000", "incomeBeforeTax": "1272000000", "incomeTaxExpense": "375000000", "interestAndDebtExpense": "None", "netIncomeFromContinuingOperations": "None", "comprehensiveIncomeNetOfTax": "None", "ebit": "1541000000", "ebitda": "1773000000", "netIncome": "875000000"}, {"fiscalDateEnding": "2008-12-31", "reportedCurrency": "USD", "grossProfit": "4466908000", "totalRevenue": "5063908000", "costOfRevenue": "597000000", "costofGoodsAndServicesSold": "597000000", "operatingIncome": "1016000000", "sellingGeneralAndAdministrative": "1342218000", "researchAndDevelopment": "None", "operatingExpenses": "2880000000", "investmentIncomeNet": "None", "netInterestIncome": "None", "interestIncome": "None", "interestExpense": "69000000", "nonInterestIncome": "None", "otherNonOperatingIncome": "None", "depreciation": "None", "depreciationAndAmortization": "230000000", "incomeBeforeTax": "1019052000", "incomeTaxExpense": "387340000", "interestAndDebtExpense": "None", "netIncomeFromContinuingOperations": "None", "comprehensiveIncomeNetOfTax": "None", "ebit": "1016000000", "ebitda": "1246000000", "netIncome": "786419000"}, {"fiscalDateEnding": "2007-12-31", "reportedCurrency": "USD", "grossProfit": "4297035000", "totalRevenue": "5365153000", "costOfRevenue": "547620000", "costofGoodsAndServicesSold": "547620000", "operatingIncome": "1962476000", "sellingGeneralAndAdministrative": "2765544000", "researchAndDevelopment": "None", "operatingExpenses": "4360249000", "investmentIncomeNet": "None", "netInterestIncome": "None", "interestIncome": "None", "interestExpense": "52000000", "nonInterestIncome": "None", "otherNonOperatingIncome": "None", "depreciation": "None", "depreciationAndAmortization": "197478000", "incomeBeforeTax": "1822719000", "incomeTaxExpense": "463832000", "interestAndDebtExpense": "None", "netIncomeFromContinuingOperations": "None", "comprehensiveIncomeNetOfTax": "None", "ebit": "1962476000", "ebitda": "2159954000", "netIncome": "995272000"}, {"fiscalDateEnding": "2006-12-31", "reportedCurrency": "USD", "grossProfit": "2097976000", "totalRevenue": "2097976000", "costOfRevenue": "173000000", "costofGoodsAndServicesSold": "173000000", "operatingIncome": "648150000", "sellingGeneralAndAdministrative": "443260000", "researchAndDevelopment": "None", "operatingExpenses": "1626176000", "investmentIncomeNet": "None", "netInterestIncome": "None", "interestIncome": "None", "interestExpense": "10000000", "nonInterestIncome": "None", "otherNonOperatingIncome": "None", "depreciation": "None", "depreciationAndAmortization": "72809000", "incomeBeforeTax": "528233000", "incomeTaxExpense": "189463000", "interestAndDebtExpense": "None", "netIncomeFromContinuingOperations": "None", "comprehensiveIncomeNetOfTax": "None", "ebit": "648147000", "ebitda": "720956000", "netIncome": "322602000"}], "quarterlyReports": [{"fiscalDateEnding": "2025-12-31", "reportedCurrency": "USD", "grossProfit": "4424000000", "totalRevenue": "7008000000", "costOfRevenue": "2584000000", "costofGoodsAndServicesSold": "2584000000", "operatingIncome": "1661000000", "sellingGeneralAndAdministrative": "2763000000", "researchAndDevelopment": "None", "operatingExpenses": "2763000000", "investmentIncomeNet": "None", "netInterestIncome": "None", "interestIncome": "54000000", "interestExpense": "-16000000", "nonInterestIncome": "None", "otherNonOperatingIncome": "None", "depreciation": "None", "depreciationAndAmortization": "None", "incomeBeforeTax": "1607000000", "incomeTaxExpense": "372000000", "interestAndDebtExpense": "None", "netIncomeFromContinuingOperations": "None", "comprehensiveIncomeNetOfTax": "None", "ebit": "None", "ebitda": "1661000000", "netIncome": "1127000000"}, {"fiscalDateEnding": "2025-09-30", "reportedCurrency": "USD", "grossProfit": "3899000000", "totalRevenue": "6509000000", "costOfRevenue": "2610000000", "costofGoodsAndServicesSold": "2610000000", "operatingIncome": "1955000000", "sellingGeneralAndAdministrative": "610000000", "researchAndDevelopment": "None", "operatingExpenses": "1944000000", "investmentIncomeNet": "None", "netInterestIncome": "-22000000", "interestIncome": "113000000", "interestExpense": "383000000", "nonInterestIncome": "None", "otherNonOperatingIncome": "None", "depreciation": "None", "depreciationAndAmortization": "253000000", "incomeBeforeTax": "1997000000", "incomeTaxExpense": "470000000", "interestAndDebtExpense": "None", "netIncomeFromContinuingOperations": "1527000000", "comprehensiveIncomeNetOfTax": "None", "ebit": "1891000000", "ebitda": "2144000000", "netIncome": "1323000000"}, {"fiscalDateEnding": "2025-06-30", "reportedCurrency": "USD", "grossProfit": "2596000000", "totalRevenue": "5423000000", "costOfRevenue": "2827000000", "costofGoodsAndServicesSold": "2827000000", "operatingIncome": "1731000000", "sellingGeneralAndAdministrative": "516000000", "researchAndDevelopment": "None", "operatingExpenses": "865000000", "investmentIncomeNet": "None", "netInterestIncome": "-29000000", "interestIncome": "521000000", "interestExpense": "173000000", "nonInterestIncome": "None", "otherNonOperatingIncome": "None", "depreciation": "None", "depreciationAndAmortization": "217000000", "incomeBeforeTax": "2252000000", "incomeTaxExpense": "587000000", "interestAndDebtExpense": "None", "netIncomeFromContinuingOperations": "1665000000", "comprehensiveIncomeNetOfTax": "None", "ebit": "2425000000", "ebitda": "2642000000", "netIncome": "1593000000"}, {"fiscalDateEnding": "2025-03-31", "reportedCurrency": "USD", "grossProfit": "2526000000", "totalRevenue": "5276000000", "costOfRevenue": "2750000000", "costofGoodsAndServicesSold": "2750000000", "operatingIncome": "1698000000", "sellingGeneralAndAdministrative": "526000000", "researchAndDevelopment": "189000000", "operatingExpenses": "828000000", "investmentIncomeNet": "None", "netInterestIncome": "7000000", "interestIncome": "173000000", "interestExpense": "166000000", "nonInterestIncome": "None", "otherNonOperatingIncome": "None", "depreciation": "None", "depreciationAndAmortization": "194000000", "incomeBeforeTax": "1763000000", "incomeTaxExpense": "248000000", "interestAndDebtExpense": "None", "netIncomeFromContinuingOperations": "1515000000", "comprehensiveIncomeNetOfTax": "None", "ebit": "1833000000", "ebitda": "2027000000", "netIncome": "1510000000"}, {"fiscalDateEnding": "2024-12-31", "reportedCurrency": "USD", "grossProfit": "2796000000", "totalRevenue": "5677000000", "costOfRevenue": "2881000000", "costofGoodsAndServicesSold": "2881000000", "operatingIncome": "2075000000", "sellingGeneralAndAdministrative": "539000000", "researchAndDevelopment": "182000000", "operatingExpenses": "721000000", "investmentIncomeNet": "None", "netInterestIncome": "46000000", "interestIncome": "212000000", "interestExpense": "166000000", "nonInterestIncome": "None", "otherNonOperatingIncome": "None", "depreciation": "None", "depreciationAndAmortization": "200000000", "incomeBeforeTax": "2103000000", "incomeTaxExpense": "442000000", "interestAndDebtExpense": "None", "netIncomeFromContinuingOperations": "1661000000", "comprehensiveIncomeNetOfTax": "None", "ebit": "2085000000", "ebitda": "2285000000", "netIncome": "1670000000"}, {"fiscalDateEnding": "2024-09-30", "reportedCurrency": "USD", "grossProfit": "2657000000", "totalRevenue": "5197000000", "costOfRevenue": "2540000000", "costofGoodsAndServicesSold": "2540000000", "operatingIncome": "2006000000", "sellingGeneralAndAdministrative": "497000000", "researchAndDevelopment": "175000000", "operatingExpenses": "651000000", "investmentIncomeNet": "None", "netInterestIncome": "82000000", "interestIncome": "236000000", "interestExpense": "154000000", "nonInterestIncome": "None", "otherNonOperatingIncome": "None", "depreciation": "None", "depreciationAndAmortization": "110000000", "incomeBeforeTax": "2265000000", "incomeTaxExpense": "574000000", "interestAndDebtExpense": "None", "netIncomeFromContinuingOperations": "1691000000", "comprehensiveIncomeNetOfTax": "None", "ebit": "2071000000", "ebitda": "2181000000", "netIncome": "1631000000"}, {"fiscalDateEnding": "2024-06-30", "reportedCurrency": "USD", "grossProfit": "2373000000", "totalRevenue": "4805000000", "costOfRevenue": "2432000000", "costofGoodsAndServicesSold": "2432000000", "operatingIncome": "1800000000", "sellingGeneralAndAdministrative": "455000000", "researchAndDevelopment": "157000000", "operatingExpenses": "573000000", "investmentIncomeNet": "None", "netInterestIncome": "52000000", "interestIncome": "178000000", "interestExpense": "126000000", "nonInterestIncome": "None", "otherNonOperatingIncome": "None", "depreciation": "None", "depreciationAndAmortization": "108000000", "incomeBeforeTax": "2014000000", "incomeTaxExpense": "477000000", "interestAndDebtExpense": "None", "netIncomeFromContinuingOperations": "1537000000", "comprehensiveIncomeNetOfTax": "None", "ebit": "1814000000", "ebitda": "1922000000", "netIncome": "1495000000"}, {"fiscalDateEnding": "2024-03-31", "reportedCurrency": "USD", "grossProfit": "2260000000", "totalRevenue": "4728000000", "costOfRevenue": "2468000000", "costofGoodsAndServicesSold": "2468000000", "operatingIncome": "1693000000", "sellingGeneralAndAdministrative": "452000000", "researchAndDevelopment": "160000000", "operatingExpenses": "567000000", "investmentIncomeNet": "None", "netInterestIncome": "49000000", "interestIncome": "141000000", "interestExpense": "92000000", "nonInterestIncome": "None", "otherNonOperatingIncome": "None", "depreciation": "None", "depreciationAndAmortization": "111000000", "incomeBeforeTax": "1913000000", "incomeTaxExpense": "290000000", "interestAndDebtExpense": "None", "netIncomeFromContinuingOperations": "1623000000", "comprehensiveIncomeNetOfTax": "None", "ebit": "1708000000", "ebitda": "1819000000", "netIncome": "1573000000"}, {"fiscalDateEnding": "2023-12-31", "reportedCurrency": "USD", "grossProfit": "2273000000", "totalRevenue": "4631000000", "costOfRevenue": "2358000000", "costofGoodsAndServicesSold": "2358000000", "operatingIncome": "1585000000", "sellingGeneralAndAdministrative": "13067000000", "researchAndDevelopment": "186000000", "operatingExpenses": "688000000", "investmentIncomeNet": "None", "netInterestIncome": "77000000", "interestIncome": "159000000", "interestExpense": "82000000", "nonInterestIncome": "None", "otherNonOperatingIncome": "None", "depreciation": "None", "depreciationAndAmortization": "111000000", "incomeBeforeTax": "1927000000", "incomeTaxExpense": "438000000", "interestAndDebtExpense": "None", "netIncomeFromContinuingOperations": "1489000000", "comprehensiveIncomeNetOfTax": "None", "ebit": "1648000000", "ebitda": "1759000000", "netIncome": "1375000000"}, {"fiscalDateEnding": "2023-09-30", "reportedCurrency": "USD", "grossProfit": "3642000000", "totalRevenue": "4522000000", "costOfRevenue": "880000000", "costofGoodsAndServicesSold": "880000000", "operatingIncome": "1637000000", "sellingGeneralAndAdministrative": "1962000000", "researchAndDevelopment": "145000000", "operatingExpenses": "588000000", "investmentIncomeNet": "None", "netInterestIncome": "-9000000", "interestIncome": "171000000", "interestExpense": "50000000", "nonInterestIncome": "None", "otherNonOperatingIncome": "None", "depreciation": "None", "depreciationAndAmortization": "38000000", "incomeBeforeTax": "1808000000", "incomeTaxExpense": "330000000", "interestAndDebtExpense": "None", "netIncomeFromContinuingOperations": "1361000000", "comprehensiveIncomeNetOfTax": "None", "ebit": "1571000000", "ebitda": "1609000000", "netIncome": "1604000000"}, {"fiscalDateEnding": "2023-06-30", "reportedCurrency": "USD", "grossProfit": "2145000000", "totalRevenue": "4463000000", "costOfRevenue": "2318000000", "costofGoodsAndServicesSold": "2318000000", "operatingIncome": "1615000000", "sellingGeneralAndAdministrative": "416000000", "researchAndDevelopment": "141000000", "operatingExpenses": "530000000", "investmentIncomeNet": "None", "netInterestIncome": "20000000", "interestIncome": "89000000", "interestExpense": "69000000", "nonInterestIncome": "None", "otherNonOperatingIncome": "None", "depreciation": "None", "depreciationAndAmortization": "102000000", "incomeBeforeTax": "1866000000", "incomeTaxExpense": "443000000", "interestAndDebtExpense": "None", "netIncomeFromContinuingOperations": "1423000000", "comprehensiveIncomeNetOfTax": "None", "ebit": "1619000000", "ebitda": "1721000000", "netIncome": "1366000000"}, {"fiscalDateEnding": "2023-03-31", "reportedCurrency": "USD", "grossProfit": "1970000000", "totalRevenue": "4243000000", "costOfRevenue": "2273000000", "costofGoodsAndServicesSold": "2273000000", "operatingIncome": "1438000000", "sellingGeneralAndAdministrative": "422000000", "researchAndDevelopment": "135000000", "operatingExpenses": "532000000", "investmentIncomeNet": "None", "netInterestIncome": "27000000", "interestIncome": "86000000", "interestExpense": "59000000", "nonInterestIncome": "None", "otherNonOperatingIncome": "175000000", "depreciation": "None", "depreciationAndAmortization": "106000000", "incomeBeforeTax": "1554000000", "incomeTaxExpense": "385000000", "interestAndDebtExpense": "None", "netIncomeFromContinuingOperations": "1169000000", "comprehensiveIncomeNetOfTax": "None", "ebit": "1438000000", "ebitda": "1544000000", "netIncome": "1157000000"}, {"fiscalDateEnding": "2022-12-31", "reportedCurrency": "USD", "grossProfit": "2135000000", "totalRevenue": "4337000000", "costOfRevenue": "2202000000", "costofGoodsAndServicesSold": "2202000000", "operatingIncome": "1427000000", "sellingGeneralAndAdministrative": "454000000", "researchAndDevelopment": "151000000", "operatingExpenses": "708000000", "investmentIncomeNet": "None", "netInterestIncome": "18000000", "interestIncome": "225000000", "interestExpense": "54000000", "nonInterestIncome": "None", "otherNonOperatingIncome": "279000000", "depreciation": "None", "depreciationAndAmortization": "110000000", "incomeBeforeTax": "1652000000", "incomeTaxExpense": "345000000", "interestAndDebtExpense": "None", "netIncomeFromContinuingOperations": "1307000000", "comprehensiveIncomeNetOfTax": "None", "ebit": "1519000000", "ebitda": "1629000000", "netIncome": "1259000000"}, {"fiscalDateEnding": "2022-09-30", "reportedCurrency": "USD", "grossProfit": "2118000000", "totalRevenue": "4311000000", "costOfRevenue": "2193000000", "costofGoodsAndServicesSold": "2193000000", "operatingIncome": "1526000000", "sellingGeneralAndAdministrative": "434000000", "researchAndDevelopment": "156000000", "operatingExpenses": "592000000", "investmentIncomeNet": "None", "netInterestIncome": "-9000000", "interestIncome": "41000000", "interestExpense": "50000000", "nonInterestIncome": "None", "otherNonOperatingIncome": "215000000", "depreciation": "None", "depreciationAndAmortization": "109000000", "incomeBeforeTax": "1691000000", "incomeTaxExpense": "330000000", "interestAndDebtExpense": "None", "netIncomeFromContinuingOperations": "1361000000", "comprehensiveIncomeNetOfTax": "None", "ebit": "1527000000", "ebitda": "1636000000", "netIncome": "1406000000"}, {"fiscalDateEnding": "2022-06-30", "reportedCurrency": "USD", "grossProfit": "2236000000", "totalRevenue": "4526000000", "costOfRevenue": "2290000000", "costofGoodsAndServicesSold": "2290000000", "operatingIncome": "1668000000", "sellingGeneralAndAdministrative": "432000000", "researchAndDevelopment": "148000000", "operatingExpenses": "568000000", "investmentIncomeNet": "None", "netInterestIncome": "-33000000", "interestIncome": "21000000", "interestExpense": "54000000", "nonInterestIncome": "None", "otherNonOperatingIncome": "-293000000", "depreciation": "None", "depreciationAndAmortization": "99000000", "incomeBeforeTax": "1321000000", "incomeTaxExpense": "358000000", "interestAndDebtExpense": "None", "netIncomeFromContinuingOperations": "963000000", "comprehensiveIncomeNetOfTax": "None", "ebit": "1668000000", "ebitda": "1767000000", "netIncome": "1077000000"}, {"fiscalDateEnding": "2022-03-31", "reportedCurrency": "USD", "grossProfit": "2298000000", "totalRevenue": "4699000000", "costOfRevenue": "2401000000", "costofGoodsAndServicesSold": "2401000000", "operatingIncome": "1764000000", "sellingGeneralAndAdministrative": "416000000", "researchAndDevelopment": "145000000", "operatingExpenses": "534000000", "investmentIncomeNet": "None", "netInterestIncome": "-36000000", "interestIncome": "138000000", "interestExpense": "54000000", "nonInterestIncome": "None", "otherNonOperatingIncome": "-84000000", "depreciation": "None", "depreciationAndAmortization": "100000000", "incomeBeforeTax": "1626000000", "incomeTaxExpense": "263000000", "interestAndDebtExpense": "None", "netIncomeFromContinuingOperations": "1363000000", "comprehensiveIncomeNetOfTax": "None", "ebit": "1765000000", "ebitda": "1865000000", "netIncome": "1436000000"}, {"fiscalDateEnding": "2021-12-31", "reportedCurrency": "USD", "grossProfit": "2641000000", "totalRevenue": "5106000000", "costOfRevenue": "2465000000", "costofGoodsAndServicesSold": "2465000000", "operatingIncome": "2039000000", "sellingGeneralAndAdministrative": "466000000", "researchAndDevelopment": "135000000", "operatingExpenses": "602000000", "investmentIncomeNet": "None", "netInterestIncome": "-4000000", "interestIncome": "71000000", "interestExpense": "50000000", "nonInterestIncome": "None", "otherNonOperatingIncome": "121000000", "depreciation": "None", "depreciationAndAmortization": "110000000", "incomeBeforeTax": "2110000000", "incomeTaxExpense": "478000000", "interestAndDebtExpense": "None", "netIncomeFromContinuingOperations": "1632000000", "comprehensiveIncomeNetOfTax": "None", "ebit": "2040000000", "ebitda": "2150000000", "netIncome": "1643000000"}, {"fiscalDateEnding": "2021-09-30", "reportedCurrency": "USD", "grossProfit": "2584000000", "totalRevenue": "5050000000", "costOfRevenue": "2466000000", "costofGoodsAndServicesSold": "2466000000", "operatingIncome": "1935000000", "sellingGeneralAndAdministrative": "500000000", "researchAndDevelopment": "140000000", "operatingExpenses": "649000000", "investmentIncomeNet": "None", "netInterestIncome": "-34000000", "interestIncome": "336000000", "interestExpense": "48000000", "nonInterestIncome": "None", "otherNonOperatingIncome": "384000000", "depreciation": "None", "depreciationAndAmortization": "107000000", "incomeBeforeTax": "2271000000", "incomeTaxExpense": "518000000", "interestAndDebtExpense": "None", "netIncomeFromContinuingOperations": "1753000000", "comprehensiveIncomeNetOfTax": "None", "ebit": "1964000000", "ebitda": "2071000000", "netIncome": "1681000000"}, {"fiscalDateEnding": "2021-06-30", "reportedCurrency": "USD", "grossProfit": "2429000000", "totalRevenue": "4820000000", "costOfRevenue": "2391000000", "costofGoodsAndServicesSold": "2391000000", "operatingIncome": "1931000000", "sellingGeneralAndAdministrative": "386000000", "researchAndDevelopment": "129000000", "operatingExpenses": "498000000", "investmentIncomeNet": "None", "netInterestIncome": "-44000000", "interestIncome": "8000000", "interestExpense": "52000000", "nonInterestIncome": "None", "otherNonOperatingIncome": "322000000", "depreciation": "None", "depreciationAndAmortization": "101000000", "incomeBeforeTax": "2201000000", "incomeTaxExpense": "654000000", "interestAndDebtExpense": "None", "netIncomeFromContinuingOperations": "1547000000", "comprehensiveIncomeNetOfTax": "None", "ebit": "1932000000", "ebitda": "2033000000", "netIncome": "1378000000"}, {"fiscalDateEnding": "2021-03-31", "reportedCurrency": "USD", "grossProfit": "2164000000", "totalRevenue": "4398000000", "costOfRevenue": "2234000000", "costofGoodsAndServicesSold": "2234000000", "operatingIncome": "1545000000", "sellingGeneralAndAdministrative": "521000000", "researchAndDevelopment": "104000000", "operatingExpenses": "619000000", "investmentIncomeNet": "None", "netInterestIncome": "-36000000", "interestIncome": "19000000", "interestExpense": "55000000", "nonInterestIncome": "None", "otherNonOperatingIncome": "101000000", "depreciation": "None", "depreciationAndAmortization": "97000000", "incomeBeforeTax": "1591000000", "incomeTaxExpense": "318000000", "interestAndDebtExpense": "None", "netIncomeFromContinuingOperations": "1273000000", "comprehensiveIncomeNetOfTax": "None", "ebit": "1548000000", "ebitda": "1645000000", "netIncome": "1199000000"}, {"fiscalDateEnding": "2020-12-31", "reportedCurrency": "USD", "grossProfit": "2349000000", "totalRevenue": "4478000000", "costOfRevenue": "2129000000", "costofGoodsAndServicesSold": "2129000000", "operatingIncome": "1848000000", "sellingGeneralAndAdministrative": "402000000", "researchAndDevelopment": "124000000", "operatingExpenses": "501000000", "investmentIncomeNet": "None", "netInterestIncome": "-26000000", "interestIncome": "28000000", "interestExpense": "54000000", "nonInterestIncome": "None", "otherNonOperatingIncome": "373000000", "depreciation": "None", "depreciationAndAmortization": "103000000", "incomeBeforeTax": "2167000000", "incomeTaxExpense": "427000000", "interestAndDebtExpense": "None", "netIncomeFromContinuingOperations": "1740000000", "comprehensiveIncomeNetOfTax": "None", "ebit": "1848000000", "ebitda": "1951000000", "netIncome": "1548000000"}, {"fiscalDateEnding": "2020-09-30", "reportedCurrency": "USD", "grossProfit": "2245000000", "totalRevenue": "4369000000", "costOfRevenue": "2124000000", "costofGoodsAndServicesSold": "2124000000", "operatingIncome": "1757000000", "sellingGeneralAndAdministrative": "412000000", "researchAndDevelopment": "93000000", "operatingExpenses": "488000000", "investmentIncomeNet": "None", "netInterestIncome": "-45000000", "interestIncome": "224000000", "interestExpense": "54000000", "nonInterestIncome": "None", "otherNonOperatingIncome": "278000000", "depreciation": "None", "depreciationAndAmortization": "87000000", "incomeBeforeTax": "1981000000", "incomeTaxExpense": "464000000", "interestAndDebtExpense": "None", "netIncomeFromContinuingOperations": "1517000000", "comprehensiveIncomeNetOfTax": "None", "ebit": "1757000000", "ebitda": "1844000000", "netIncome": "1364000000"}, {"fiscalDateEnding": "2020-06-30", "reportedCurrency": "USD", "grossProfit": "1821000000", "totalRevenue": "3648000000", "costOfRevenue": "1827000000", "costofGoodsAndServicesSold": "1827000000", "operatingIncome": "1406000000", "sellingGeneralAndAdministrative": "350000000", "researchAndDevelopment": "92000000", "operatingExpenses": "415000000", "investmentIncomeNet": "None", "netInterestIncome": "-41000000", "interestIncome": "10000000", "interestExpense": "51000000", "nonInterestIncome": "None", "otherNonOperatingIncome": "408000000", "depreciation": "None", "depreciationAndAmortization": "86000000", "incomeBeforeTax": "1763000000", "incomeTaxExpense": "361000000", "interestAndDebtExpense": "None", "netIncomeFromContinuingOperations": "1402000000", "comprehensiveIncomeNetOfTax": "None", "ebit": "1404000000", "ebitda": "1490000000", "netIncome": "1214000000"}, {"fiscalDateEnding": "2020-03-31", "reportedCurrency": "USD", "grossProfit": "1851000000", "totalRevenue": "3710000000", "costOfRevenue": "1859000000", "costofGoodsAndServicesSold": "1859000000", "operatingIncome": "684000000", "sellingGeneralAndAdministrative": "454000000", "researchAndDevelopment": "88000000", "operatingExpenses": "1167000000", "investmentIncomeNet": "None", "netInterestIncome": "-31000000", "interestIncome": "15000000", "interestExpense": "46000000", "nonInterestIncome": "None", "otherNonOperatingIncome": "-25000000", "depreciation": "None", "depreciationAndAmortization": "82000000", "incomeBeforeTax": "613000000", "incomeTaxExpense": "-14000000", "interestAndDebtExpense": "None", "netIncomeFromContinuingOperations": "627000000", "comprehensiveIncomeNetOfTax": "None", "ebit": "709000000", "ebitda": "791000000", "netIncome": "806000000"}, {"fiscalDateEnding": "2019-12-31", "reportedCurrency": "USD", "grossProfit": "2082000000", "totalRevenue": "3977000000", "costOfRevenue": "1895000000", "costofGoodsAndServicesSold": "1895000000", "operatingIncome": "1538000000", "sellingGeneralAndAdministrative": "358000000", "researchAndDevelopment": "83000000", "operatingExpenses": "544000000", "investmentIncomeNet": "None", "netInterestIncome": "-22000000", "interestIncome": "29000000", "interestExpense": "51000000", "nonInterestIncome": "None", "otherNonOperatingIncome": "147000000", "depreciation": "None", "depreciationAndAmortization": "2000000", "incomeBeforeTax": "1634000000", "incomeTaxExpense": "300000000", "interestAndDebtExpense": "None", "netIncomeFromContinuingOperations": "1334000000", "comprehensiveIncomeNetOfTax": "None", "ebit": "1573000000", "ebitda": "1575000000", "netIncome": "1301000000"}, {"fiscalDateEnding": "2019-09-30", "reportedCurrency": "USD", "grossProfit": "1915000000", "totalRevenue": "3692000000", "costOfRevenue": "1777000000", "costofGoodsAndServicesSold": "1777000000", "operatingIncome": "1502000000", "sellingGeneralAndAdministrative": "309000000", "researchAndDevelopment": "70000000", "operatingExpenses": "413000000", "investmentIncomeNet": "None", "netInterestIncome": "-35000000", "interestIncome": "19000000", "interestExpense": "54000000", "nonInterestIncome": "None", "otherNonOperatingIncome": "12000000", "depreciation": "None", "depreciationAndAmortization": "105000000", "incomeBeforeTax": "1460000000", "incomeTaxExpense": "341000000", "interestAndDebtExpense": "None", "netIncomeFromContinuingOperations": "1119000000", "comprehensiveIncomeNetOfTax": "None", "ebit": "1501000000", "ebitda": "1606000000", "netIncome": "1119000000"}, {"fiscalDateEnding": "2019-06-30", "reportedCurrency": "USD", "grossProfit": "1773000000", "totalRevenue": "3524000000", "costOfRevenue": "1751000000", "costofGoodsAndServicesSold": "1751000000", "operatingIncome": "1278000000", "sellingGeneralAndAdministrative": "364000000", "researchAndDevelopment": "67000000", "operatingExpenses": "495000000", "investmentIncomeNet": "None", "netInterestIncome": "-32000000", "interestIncome": "20000000", "interestExpense": "52000000", "nonInterestIncome": "None", "otherNonOperatingIncome": "109000000", "depreciation": "None", "depreciationAndAmortization": "100000000", "incomeBeforeTax": "1335000000", "incomeTaxExpense": "322000000", "interestAndDebtExpense": "None", "netIncomeFromContinuingOperations": "1013000000", "comprehensiveIncomeNetOfTax": "None", "ebit": "1291000000", "ebitda": "1391000000", "netIncome": "1003000000"}, {"fiscalDateEnding": "2019-03-31", "reportedCurrency": "USD", "grossProfit": "1636000000", "totalRevenue": "3346000000", "costOfRevenue": "1710000000", "costofGoodsAndServicesSold": "1710000000", "operatingIncome": "1233000000", "sellingGeneralAndAdministrative": "293000000", "researchAndDevelopment": "69000000", "operatingExpenses": "403000000", "investmentIncomeNet": "None", "netInterestIncome": "-17000000", "interestIncome": "29000000", "interestExpense": "46000000", "nonInterestIncome": "None", "otherNonOperatingIncome": "171000000", "depreciation": "None", "depreciationAndAmortization": "89000000", "incomeBeforeTax": "1358000000", "incomeTaxExpense": "298000000", "interestAndDebtExpense": "None", "netIncomeFromContinuingOperations": "1060000000", "comprehensiveIncomeNetOfTax": "None", "ebit": "1239000000", "ebitda": "1328000000", "netIncome": "1053000000"}, {"fiscalDateEnding": "2018-12-31", "reportedCurrency": "USD", "grossProfit": "1770000000", "totalRevenue": "3434000000", "costOfRevenue": "1664000000", "costofGoodsAndServicesSold": "1664000000", "operatingIncome": "1246000000", "sellingGeneralAndAdministrative": "306000000", "researchAndDevelopment": "62000000", "operatingExpenses": "524000000", "investmentIncomeNet": "None", "netInterestIncome": "None", "interestIncome": "None", "interestExpense": "46000000", "nonInterestIncome": "None", "otherNonOperatingIncome": "-26000000", "depreciation": "None", "depreciationAndAmortization": "56000000", "incomeBeforeTax": "1174000000", "incomeTaxExpense": "247000000", "interestAndDebtExpense": "None", "netIncomeFromContinuingOperations": "927000000", "comprehensiveIncomeNetOfTax": "None", "ebit": "1337000000", "ebitda": "1393000000", "netIncome": "927000000"}, {"fiscalDateEnding": "2018-09-30", "reportedCurrency": "USD", "grossProfit": "1822000000", "totalRevenue": "3576000000", "costOfRevenue": "1754000000", "costofGoodsAndServicesSold": "1754000000", "operatingIncome": "1396000000", "sellingGeneralAndAdministrative": "307000000", "researchAndDevelopment": "61000000", "operatingExpenses": "426000000", "investmentIncomeNet": "None", "netInterestIncome": "None", "interestIncome": "None", "interestExpense": "46000000", "nonInterestIncome": "None", "otherNonOperatingIncome": "79000000", "depreciation": "None", "depreciationAndAmortization": "57000000", "incomeBeforeTax": "1429000000", "incomeTaxExpense": "226000000", "interestAndDebtExpense": "None", "netIncomeFromContinuingOperations": "1203000000", "comprehensiveIncomeNetOfTax": "None", "ebit": "1425000000", "ebitda": "1482000000", "netIncome": "1216000000"}, {"fiscalDateEnding": "2018-06-30", "reportedCurrency": "USD", "grossProfit": "1844000000", "totalRevenue": "3605000000", "costOfRevenue": "1761000000", "costofGoodsAndServicesSold": "1761000000", "operatingIncome": "1440000000", "sellingGeneralAndAdministrative": "303000000", "researchAndDevelopment": "58000000", "operatingExpenses": "404000000", "investmentIncomeNet": "None", "netInterestIncome": "None", "interestIncome": "None", "interestExpense": "46000000", "nonInterestIncome": "None", "otherNonOperatingIncome": "22000000", "depreciation": "None", "depreciationAndAmortization": "54000000", "incomeBeforeTax": "1416000000", "incomeTaxExpense": "338000000", "interestAndDebtExpense": "None", "netIncomeFromContinuingOperations": "1078000000", "comprehensiveIncomeNetOfTax": "None", "ebit": "1439000000", "ebitda": "1493000000", "netIncome": "1073000000"}, {"fiscalDateEnding": "2018-03-31", "reportedCurrency": "USD", "grossProfit": "1769000000", "totalRevenue": "3583000000", "costOfRevenue": "1814000000", "costofGoodsAndServicesSold": "1814000000", "operatingIncome": "1375000000", "sellingGeneralAndAdministrative": "292000000", "researchAndDevelopment": "53000000", "operatingExpenses": "394000000", "investmentIncomeNet": "None", "netInterestIncome": "None", "interestIncome": "None", "interestExpense": "46000000", "nonInterestIncome": "None", "otherNonOperatingIncome": "30000000", "depreciation": "None", "depreciationAndAmortization": "53000000", "incomeBeforeTax": "1359000000", "incomeTaxExpense": "265000000", "interestAndDebtExpense": "None", "netIncomeFromContinuingOperations": "1094000000", "comprehensiveIncomeNetOfTax": "None", "ebit": "1381000000", "ebitda": "1434000000", "netIncome": "1089000000"}, {"fiscalDateEnding": "2017-12-31", "reportedCurrency": "USD", "grossProfit": "1947000000", "totalRevenue": "3764000000", "costOfRevenue": "1817000000", "costofGoodsAndServicesSold": "1817000000", "operatingIncome": "1485000000", "sellingGeneralAndAdministrative": "339000000", "researchAndDevelopment": "58000000", "operatingExpenses": "462000000", "investmentIncomeNet": "None", "netInterestIncome": "None", "interestIncome": "None", "interestExpense": "46000000", "nonInterestIncome": "None", "otherNonOperatingIncome": "47000000", "depreciation": "None", "depreciationAndAmortization": "50000000", "incomeBeforeTax": "1486000000", "incomeTaxExpense": "-815000000", "interestAndDebtExpense": "None", "netIncomeFromContinuingOperations": "2310000000", "comprehensiveIncomeNetOfTax": "None", "ebit": "1494000000", "ebitda": "1544000000", "netIncome": "2304000000"}, {"fiscalDateEnding": "2017-09-30", "reportedCurrency": "USD", "grossProfit": "1771000000", "totalRevenue": "3508000000", "costOfRevenue": "1737000000", "costofGoodsAndServicesSold": "1737000000", "operatingIncome": "1394000000", "sellingGeneralAndAdministrative": "272000000", "researchAndDevelopment": "51000000", "operatingExpenses": "382000000", "investmentIncomeNet": "None", "netInterestIncome": "None", "interestIncome": "None", "interestExpense": "46000000", "nonInterestIncome": "None", "otherNonOperatingIncome": "56000000", "depreciation": "None", "depreciationAndAmortization": "65000000", "incomeBeforeTax": "1404000000", "incomeTaxExpense": "445000000", "interestAndDebtExpense": "None", "netIncomeFromContinuingOperations": "959000000", "comprehensiveIncomeNetOfTax": "None", "ebit": "1396000000", "ebitda": "1461000000", "netIncome": "944000000"}, {"fiscalDateEnding": "2017-06-30", "reportedCurrency": "USD", "grossProfit": "1607000000", "totalRevenue": "3236000000", "costOfRevenue": "1629000000", "costofGoodsAndServicesSold": "1629000000", "operatingIncome": "1242000000", "sellingGeneralAndAdministrative": "263000000", "researchAndDevelopment": "51000000", "operatingExpenses": "370000000", "investmentIncomeNet": "None", "netInterestIncome": "None", "interestIncome": "None", "interestExpense": "48000000", "nonInterestIncome": "None", "otherNonOperatingIncome": "49000000", "depreciation": "None", "depreciationAndAmortization": "62000000", "incomeBeforeTax": "1243000000", "incomeTaxExpense": "374000000", "interestAndDebtExpense": "None", "netIncomeFromContinuingOperations": "867000000", "comprehensiveIncomeNetOfTax": "None", "ebit": "1233000000", "ebitda": "1295000000", "netIncome": "854000000"}, {"fiscalDateEnding": "2017-03-31", "reportedCurrency": "USD", "grossProfit": "1464000000", "totalRevenue": "3092000000", "costOfRevenue": "1628000000", "costofGoodsAndServicesSold": "1628000000", "operatingIncome": "1147000000", "sellingGeneralAndAdministrative": "231000000", "researchAndDevelopment": "43000000", "operatingExpenses": "321000000", "investmentIncomeNet": "None", "netInterestIncome": "None", "interestIncome": "None", "interestExpense": "65000000", "nonInterestIncome": "None", "otherNonOperatingIncome": "58000000", "depreciation": "None", "depreciationAndAmortization": "63000000", "incomeBeforeTax": "1140000000", "incomeTaxExpense": "269000000", "interestAndDebtExpense": "None", "netIncomeFromContinuingOperations": "871000000", "comprehensiveIncomeNetOfTax": "None", "ebit": "1159000000", "ebitda": "1222000000", "netIncome": "859000000"}, {"fiscalDateEnding": "2016-12-31", "reportedCurrency": "USD", "grossProfit": "1604000000", "totalRevenue": "2890000000", "costOfRevenue": "1286000000", "costofGoodsAndServicesSold": "1286000000", "operatingIncome": "1225000000", "sellingGeneralAndAdministrative": "262000000", "researchAndDevelopment": "46000000", "operatingExpenses": "379000000", "investmentIncomeNet": "None", "netInterestIncome": "None", "interestIncome": "None", "interestExpense": "51000000", "nonInterestIncome": "None", "otherNonOperatingIncome": "13000000", "depreciation": "None", "depreciationAndAmortization": "65000000", "incomeBeforeTax": "1187000000", "incomeTaxExpense": "336000000", "interestAndDebtExpense": "None", "netIncomeFromContinuingOperations": "851000000", "comprehensiveIncomeNetOfTax": "None", "ebit": "1225000000", "ebitda": "1290000000", "netIncome": "851000000"}, {"fiscalDateEnding": "2016-09-30", "reportedCurrency": "USD", "grossProfit": "1546000000", "totalRevenue": "2837000000", "costOfRevenue": "1291000000", "costofGoodsAndServicesSold": "1291000000", "operatingIncome": "1209000000", "sellingGeneralAndAdministrative": "240000000", "researchAndDevelopment": "41000000", "operatingExpenses": "337000000", "investmentIncomeNet": "None", "netInterestIncome": "None", "interestIncome": "None", "interestExpense": "52000000", "nonInterestIncome": "None", "otherNonOperatingIncome": "53000000", "depreciation": "None", "depreciationAndAmortization": "65000000", "incomeBeforeTax": "1210000000", "incomeTaxExpense": "333000000", "interestAndDebtExpense": "None", "netIncomeFromContinuingOperations": "877000000", "comprehensiveIncomeNetOfTax": "None", "ebit": "1209000000", "ebitda": "1274000000", "netIncome": "875000000"}, {"fiscalDateEnding": "2016-06-30", "reportedCurrency": "USD", "grossProfit": "1514000000", "totalRevenue": "2804000000", "costOfRevenue": "1290000000", "costofGoodsAndServicesSold": "1290000000", "operatingIncome": "1173000000", "sellingGeneralAndAdministrative": "241000000", "researchAndDevelopment": "42000000", "operatingExpenses": "341000000", "investmentIncomeNet": "None", "netInterestIncome": "None", "interestIncome": "None", "interestExpense": "51000000", "nonInterestIncome": "None", "otherNonOperatingIncome": "26000000", "depreciation": "None", "depreciationAndAmortization": "77000000", "incomeBeforeTax": "1148000000", "incomeTaxExpense": "353000000", "interestAndDebtExpense": "None", "netIncomeFromContinuingOperations": "795000000", "comprehensiveIncomeNetOfTax": "None", "ebit": "1173000000", "ebitda": "1250000000", "netIncome": "789000000"}, {"fiscalDateEnding": "2016-03-31", "reportedCurrency": "USD", "grossProfit": "1382000000", "totalRevenue": "2624000000", "costOfRevenue": "1242000000", "costofGoodsAndServicesSold": "1242000000", "operatingIncome": "963000000", "sellingGeneralAndAdministrative": "232000000", "researchAndDevelopment": "46000000", "operatingExpenses": "419000000", "investmentIncomeNet": "None", "netInterestIncome": "None", "interestIncome": "None", "interestExpense": "51000000", "nonInterestIncome": "None", "otherNonOperatingIncome": "3000000", "depreciation": "None", "depreciationAndAmortization": "56000000", "incomeBeforeTax": "915000000", "incomeTaxExpense": "268000000", "interestAndDebtExpense": "None", "netIncomeFromContinuingOperations": "647000000", "comprehensiveIncomeNetOfTax": "None", "ebit": "1039000000", "ebitda": "1095000000", "netIncome": "657000000"}, {"fiscalDateEnding": "2015-12-31", "reportedCurrency": "USD", "grossProfit": "1571000000", "totalRevenue": "2863000000", "costOfRevenue": "1292000000", "costofGoodsAndServicesSold": "1292000000", "operatingIncome": "1137000000", "sellingGeneralAndAdministrative": "296000000", "researchAndDevelopment": "49000000", "operatingExpenses": "434000000", "investmentIncomeNet": "None", "netInterestIncome": "None", "interestIncome": "None", "interestExpense": "51000000", "nonInterestIncome": "None", "otherNonOperatingIncome": "58000000", "depreciation": "None", "depreciationAndAmortization": "51000000", "incomeBeforeTax": "1148000000", "incomeTaxExpense": "279000000", "interestAndDebtExpense": "None", "netIncomeFromContinuingOperations": "834000000", "comprehensiveIncomeNetOfTax": "None", "ebit": "1137000000", "ebitda": "1188000000", "netIncome": "861000000"}, {"fiscalDateEnding": "2015-09-30", "reportedCurrency": "USD", "grossProfit": "1575000000", "totalRevenue": "2910000000", "costOfRevenue": "1335000000", "costofGoodsAndServicesSold": "1335000000", "operatingIncome": "1222000000", "sellingGeneralAndAdministrative": "243000000", "researchAndDevelopment": "40000000", "operatingExpenses": "353000000", "investmentIncomeNet": "None", "netInterestIncome": "None", "interestIncome": "None", "interestExpense": "50000000", "nonInterestIncome": "None", "otherNonOperatingIncome": "16000000", "depreciation": "None", "depreciationAndAmortization": "68000000", "incomeBeforeTax": "1174000000", "incomeTaxExpense": "342000000", "interestAndDebtExpense": "None", "netIncomeFromContinuingOperations": "832000000", "comprehensiveIncomeNetOfTax": "None", "ebit": "1222000000", "ebitda": "1290000000", "netIncome": "843000000"}, {"fiscalDateEnding": "2015-06-30", "reportedCurrency": "USD", "grossProfit": "1585000000", "totalRevenue": "2905000000", "costOfRevenue": "1320000000", "costofGoodsAndServicesSold": "1320000000", "operatingIncome": "1238000000", "sellingGeneralAndAdministrative": "232000000", "researchAndDevelopment": "39000000", "operatingExpenses": "347000000", "investmentIncomeNet": "None", "netInterestIncome": "None", "interestIncome": "None", "interestExpense": "52000000", "nonInterestIncome": "None", "otherNonOperatingIncome": "-41000000", "depreciation": "None", "depreciationAndAmortization": "65000000", "incomeBeforeTax": "1197000000", "incomeTaxExpense": "371000000", "interestAndDebtExpense": "None", "netIncomeFromContinuingOperations": "826000000", "comprehensiveIncomeNetOfTax": "None", "ebit": "1238000000", "ebitda": "1303000000", "netIncome": "819000000"}, {"fiscalDateEnding": "2015-03-31", "reportedCurrency": "USD", "grossProfit": "1441000000", "totalRevenue": "2723000000", "costOfRevenue": "1282000000", "costofGoodsAndServicesSold": "1282000000", "operatingIncome": "1067000000", "sellingGeneralAndAdministrative": "244000000", "researchAndDevelopment": "41000000", "operatingExpenses": "374000000", "investmentIncomeNet": "None", "netInterestIncome": "None", "interestIncome": "None", "interestExpense": "51000000", "nonInterestIncome": "None", "otherNonOperatingIncome": "51000000", "depreciation": "None", "depreciationAndAmortization": "63000000", "incomeBeforeTax": "1083000000", "incomeTaxExpense": "258000000", "interestAndDebtExpense": "None", "netIncomeFromContinuingOperations": "860000000", "comprehensiveIncomeNetOfTax": "None", "ebit": "1067000000", "ebitda": "1130000000", "netIncome": "822000000"}, {"fiscalDateEnding": "2014-12-31", "reportedCurrency": "USD", "grossProfit": "1566000000", "totalRevenue": "2784000000", "costOfRevenue": "1218000000", "costofGoodsAndServicesSold": "1218000000", "operatingIncome": "1144000000", "sellingGeneralAndAdministrative": "273000000", "researchAndDevelopment": "40000000", "operatingExpenses": "422000000", "investmentIncomeNet": "None", "netInterestIncome": "None", "interestIncome": "None", "interestExpense": "58000000", "nonInterestIncome": "None", "otherNonOperatingIncome": "-60000000", "depreciation": "None", "depreciationAndAmortization": "63000000", "incomeBeforeTax": "1084000000", "incomeTaxExpense": "278000000", "interestAndDebtExpense": "None", "netIncomeFromContinuingOperations": "806000000", "comprehensiveIncomeNetOfTax": "None", "ebit": "1144000000", "ebitda": "1207000000", "netIncome": "813000000"}, {"fiscalDateEnding": "2014-09-30", "reportedCurrency": "USD", "grossProfit": "1573000000", "totalRevenue": "2849000000", "costOfRevenue": "1276000000", "costofGoodsAndServicesSold": "1276000000", "operatingIncome": "1157000000", "sellingGeneralAndAdministrative": "275000000", "researchAndDevelopment": "40000000", "operatingExpenses": "416000000", "investmentIncomeNet": "None", "netInterestIncome": "None", "interestIncome": "None", "interestExpense": "61000000", "nonInterestIncome": "None", "otherNonOperatingIncome": "-52000000", "depreciation": "None", "depreciationAndAmortization": "70000000", "incomeBeforeTax": "1105000000", "incomeTaxExpense": "232000000", "interestAndDebtExpense": "None", "netIncomeFromContinuingOperations": "873000000", "comprehensiveIncomeNetOfTax": "None", "ebit": "1157000000", "ebitda": "1227000000", "netIncome": "917000000"}, {"fiscalDateEnding": "2014-06-30", "reportedCurrency": "USD", "grossProfit": "1540000000", "totalRevenue": "2778000000", "costOfRevenue": "1238000000", "costofGoodsAndServicesSold": "1238000000", "operatingIncome": "1122000000", "sellingGeneralAndAdministrative": "268000000", "researchAndDevelopment": "43000000", "operatingExpenses": "418000000", "investmentIncomeNet": "None", "netInterestIncome": "None", "interestIncome": "None", "interestExpense": "60000000", "nonInterestIncome": "None", "otherNonOperatingIncome": "16000000", "depreciation": "None", "depreciationAndAmortization": "72000000", "incomeBeforeTax": "1138000000", "incomeTaxExpense": "297000000", "interestAndDebtExpense": "None", "netIncomeFromContinuingOperations": "841000000", "comprehensiveIncomeNetOfTax": "None", "ebit": "1122000000", "ebitda": "1194000000", "netIncome": "808000000"}, {"fiscalDateEnding": "2014-03-31", "reportedCurrency": "USD", "grossProfit": "1405000000", "totalRevenue": "2670000000", "costOfRevenue": "1265000000", "costofGoodsAndServicesSold": "1265000000", "operatingIncome": "1051000000", "sellingGeneralAndAdministrative": "224000000", "researchAndDevelopment": "41000000", "operatingExpenses": "354000000", "investmentIncomeNet": "None", "netInterestIncome": "None", "interestIncome": "None", "interestExpense": "53000000", "nonInterestIncome": "None", "otherNonOperatingIncome": "17000000", "depreciation": "None", "depreciationAndAmortization": "73000000", "incomeBeforeTax": "1068000000", "incomeTaxExpense": "324000000", "interestAndDebtExpense": "None", "netIncomeFromContinuingOperations": "744000000", "comprehensiveIncomeNetOfTax": "None", "ebit": "1051000000", "ebitda": "1124000000", "netIncome": "756000000"}, {"fiscalDateEnding": "2013-12-31", "reportedCurrency": "USD", "grossProfit": "1584000000", "totalRevenue": "2777000000", "costOfRevenue": "1193000000", "costofGoodsAndServicesSold": "1193000000", "operatingIncome": "1133000000", "sellingGeneralAndAdministrative": "292000000", "researchAndDevelopment": "43000000", "operatingExpenses": "451000000", "investmentIncomeNet": "None", "netInterestIncome": "None", "interestIncome": "None", "interestExpense": "52000000", "nonInterestIncome": "None", "otherNonOperatingIncome": "24000000", "depreciation": "None", "depreciationAndAmortization": "76000000", "incomeBeforeTax": "1157000000", "incomeTaxExpense": "307000000", "interestAndDebtExpense": "None", "netIncomeFromContinuingOperations": "850000000", "comprehensiveIncomeNetOfTax": "None", "ebit": "1133000000", "ebitda": "1209000000", "netIncome": "841000000"}, {"fiscalDateEnding": "2013-09-30", "reportedCurrency": "USD", "grossProfit": "1340000000", "totalRevenue": "2472000000", "costOfRevenue": "1132000000", "costofGoodsAndServicesSold": "1132000000", "operatingIncome": "966000000", "sellingGeneralAndAdministrative": "238000000", "researchAndDevelopment": "39000000", "operatingExpenses": "374000000", "investmentIncomeNet": "None", "netInterestIncome": "None", "interestIncome": "None", "interestExpense": "52000000", "nonInterestIncome": "None", "otherNonOperatingIncome": "-18000000", "depreciation": "None", "depreciationAndAmortization": "71000000", "incomeBeforeTax": "948000000", "incomeTaxExpense": "219000000", "interestAndDebtExpense": "None", "netIncomeFromContinuingOperations": "729000000", "comprehensiveIncomeNetOfTax": "None", "ebit": "966000000", "ebitda": "1037000000", "netIncome": "730000000"}, {"fiscalDateEnding": "2013-06-30", "reportedCurrency": "USD", "grossProfit": "1354000000", "totalRevenue": "2482000000", "costOfRevenue": "1128000000", "costofGoodsAndServicesSold": "1128000000", "operatingIncome": "973000000", "sellingGeneralAndAdministrative": "235000000", "researchAndDevelopment": "40000000", "operatingExpenses": "505000000", "investmentIncomeNet": "None", "netInterestIncome": "None", "interestIncome": "None", "interestExpense": "53000000", "nonInterestIncome": "None", "otherNonOperatingIncome": "69000000", "depreciation": "None", "depreciationAndAmortization": "72000000", "incomeBeforeTax": "918000000", "incomeTaxExpense": "212000000", "interestAndDebtExpense": "None", "netIncomeFromContinuingOperations": "706000000", "comprehensiveIncomeNetOfTax": "None", "ebit": "973000000", "ebitda": "1045000000", "netIncome": "729000000"}, {"fiscalDateEnding": "2013-03-31", "reportedCurrency": "USD", "grossProfit": "1280000000", "totalRevenue": "2449000000", "costOfRevenue": "1169000000", "costofGoodsAndServicesSold": "1169000000", "operatingIncome": "909000000", "sellingGeneralAndAdministrative": "242000000", "researchAndDevelopment": "38000000", "operatingExpenses": "371000000", "investmentIncomeNet": "None", "netInterestIncome": "None", "interestIncome": "None", "interestExpense": "54000000", "nonInterestIncome": "None", "otherNonOperatingIncome": "41000000", "depreciation": "None", "depreciationAndAmortization": "72000000", "incomeBeforeTax": "950000000", "incomeTaxExpense": "284000000", "interestAndDebtExpense": "None", "netIncomeFromContinuingOperations": "666000000", "comprehensiveIncomeNetOfTax": "None", "ebit": "909000000", "ebitda": "981000000", "netIncome": "632000000"}, {"fiscalDateEnding": "2012-12-31", "reportedCurrency": "USD", "grossProfit": "135000000", "totalRevenue": "2539000000", "costOfRevenue": "2404000000", "costofGoodsAndServicesSold": "2404000000", "operatingIncome": "1005000000", "sellingGeneralAndAdministrative": "2478000000", "researchAndDevelopment": "35000000", "operatingExpenses": "5846000000", "investmentIncomeNet": "None", "netInterestIncome": "None", "interestIncome": "None", "interestExpense": "57000000", "nonInterestIncome": "None", "otherNonOperatingIncome": "-67000000", "depreciation": "None", "depreciationAndAmortization": "76000000", "incomeBeforeTax": "938000000", "incomeTaxExpense": "288000000", "interestAndDebtExpense": "None", "netIncomeFromContinuingOperations": "650000000", "comprehensiveIncomeNetOfTax": "None", "ebit": "1013000000", "ebitda": "1089000000", "netIncome": "690000000"}, {"fiscalDateEnding": "2012-09-30", "reportedCurrency": "USD", "grossProfit": "2226000000", "totalRevenue": "2320000000", "costOfRevenue": "94000000", "costofGoodsAndServicesSold": "94000000", "operatingIncome": "875000000", "sellingGeneralAndAdministrative": "1299000000", "researchAndDevelopment": "0", "operatingExpenses": "1351000000", "investmentIncomeNet": "None", "netInterestIncome": "None", "interestIncome": "None", "interestExpense": "57000000", "nonInterestIncome": "None", "otherNonOperatingIncome": "30000000", "depreciation": "None", "depreciationAndAmortization": "74000000", "incomeBeforeTax": "905000000", "incomeTaxExpense": "250000000", "interestAndDebtExpense": "None", "netIncomeFromContinuingOperations": "655000000", "comprehensiveIncomeNetOfTax": "None", "ebit": "962000000", "ebitda": "1036000000", "netIncome": "642000000"}, {"fiscalDateEnding": "2012-06-30", "reportedCurrency": "USD", "grossProfit": "1350000000", "totalRevenue": "2229000000", "costOfRevenue": "879000000", "costofGoodsAndServicesSold": "879000000", "operatingIncome": "829000000", "sellingGeneralAndAdministrative": "1254000000", "researchAndDevelopment": "0", "operatingExpenses": "521000000", "investmentIncomeNet": "None", "netInterestIncome": "None", "interestIncome": "None", "interestExpense": "52000000", "nonInterestIncome": "None", "otherNonOperatingIncome": "-40000000", "depreciation": "None", "depreciationAndAmortization": "39000000", "incomeBeforeTax": "789000000", "incomeTaxExpense": "229000000", "interestAndDebtExpense": "None", "netIncomeFromContinuingOperations": "560000000", "comprehensiveIncomeNetOfTax": "None", "ebit": "837000000", "ebitda": "876000000", "netIncome": "554000000"}, {"fiscalDateEnding": "2012-03-31", "reportedCurrency": "USD", "grossProfit": "1329000000", "totalRevenue": "2249000000", "costOfRevenue": "920000000", "costofGoodsAndServicesSold": "920000000", "operatingIncome": "815000000", "sellingGeneralAndAdministrative": "1284000000", "researchAndDevelopment": "0", "operatingExpenses": "514000000", "investmentIncomeNet": "None", "netInterestIncome": "None", "interestIncome": "None", "interestExpense": "49000000", "nonInterestIncome": "None", "otherNonOperatingIncome": "23000000", "depreciation": "None", "depreciationAndAmortization": "73000000", "incomeBeforeTax": "838000000", "incomeTaxExpense": "263000000", "interestAndDebtExpense": "None", "netIncomeFromContinuingOperations": "575000000", "comprehensiveIncomeNetOfTax": "None", "ebit": "887000000", "ebitda": "960000000", "netIncome": "572000000"}, {"fiscalDateEnding": "2011-12-31", "reportedCurrency": "USD", "grossProfit": "1596000000", "totalRevenue": "2227000000", "costOfRevenue": "631000000", "costofGoodsAndServicesSold": "631000000", "operatingIncome": "808000000", "sellingGeneralAndAdministrative": "1243000000", "researchAndDevelopment": "0", "operatingExpenses": "-86000000", "investmentIncomeNet": "None", "netInterestIncome": "None", "interestIncome": "None", "interestExpense": "48000000", "nonInterestIncome": "None", "otherNonOperatingIncome": "7000000", "depreciation": "None", "depreciationAndAmortization": "77000000", "incomeBeforeTax": "815000000", "incomeTaxExpense": "232000000", "interestAndDebtExpense": "None", "netIncomeFromContinuingOperations": "583000000", "comprehensiveIncomeNetOfTax": "None", "ebit": "863000000", "ebitda": "940000000", "netIncome": "555000000"}, {"fiscalDateEnding": "2011-09-30", "reportedCurrency": "USD", "grossProfit": "1364000000", "totalRevenue": "2225000000", "costOfRevenue": "861000000", "costofGoodsAndServicesSold": "861000000", "operatingIncome": "777000000", "sellingGeneralAndAdministrative": "1299000000", "researchAndDevelopment": "0", "operatingExpenses": "587000000", "investmentIncomeNet": "None", "netInterestIncome": "None", "interestIncome": "None", "interestExpense": "49000000", "nonInterestIncome": "None", "otherNonOperatingIncome": "-112000000", "depreciation": "None", "depreciationAndAmortization": "76000000", "incomeBeforeTax": "665000000", "incomeTaxExpense": "95000000", "interestAndDebtExpense": "None", "netIncomeFromContinuingOperations": "570000000", "comprehensiveIncomeNetOfTax": "None", "ebit": "714000000", "ebitda": "790000000", "netIncome": "595000000"}, {"fiscalDateEnding": "2011-06-30", "reportedCurrency": "USD", "grossProfit": "1423000000", "totalRevenue": "2347000000", "costOfRevenue": "924000000", "costofGoodsAndServicesSold": "924000000", "operatingIncome": "866000000", "sellingGeneralAndAdministrative": "1322000000", "researchAndDevelopment": "0", "operatingExpenses": "557000000", "investmentIncomeNet": "None", "netInterestIncome": "None", "interestIncome": "None", "interestExpense": "41000000", "nonInterestIncome": "None", "otherNonOperatingIncome": "-24000000", "depreciation": "None", "depreciationAndAmortization": "73000000", "incomeBeforeTax": "842000000", "incomeTaxExpense": "220000000", "interestAndDebtExpense": "None", "netIncomeFromContinuingOperations": "622000000", "comprehensiveIncomeNetOfTax": "None", "ebit": "883000000", "ebitda": "956000000", "netIncome": "619000000"}, {"fiscalDateEnding": "2011-03-31", "reportedCurrency": "USD", "grossProfit": "1343000000", "totalRevenue": "2282000000", "costOfRevenue": "939000000", "costofGoodsAndServicesSold": "939000000", "operatingIncome": "798000000", "sellingGeneralAndAdministrative": "1313000000", "researchAndDevelopment": "0", "operatingExpenses": "545000000", "investmentIncomeNet": "None", "netInterestIncome": "None", "interestIncome": "None", "interestExpense": "38000000", "nonInterestIncome": "None", "otherNonOperatingIncome": "15000000", "depreciation": "None", "depreciationAndAmortization": "73000000", "incomeBeforeTax": "813000000", "incomeTaxExpense": "249000000", "interestAndDebtExpense": "None", "netIncomeFromContinuingOperations": "564000000", "comprehensiveIncomeNetOfTax": "None", "ebit": "851000000", "ebitda": "924000000", "netIncome": "568000000"}, {"fiscalDateEnding": "2010-12-31", "reportedCurrency": "USD", "grossProfit": "2387000000", "totalRevenue": "2493000000", "costOfRevenue": "106000000", "costofGoodsAndServicesSold": "106000000", "operatingIncome": "940000000", "sellingGeneralAndAdministrative": "1384000000", "researchAndDevelopment": "0", "operatingExpenses": "1447000000", "investmentIncomeNet": "None", "netInterestIncome": "None", "interestIncome": "None", "interestExpense": "35000000", "nonInterestIncome": "None", "otherNonOperatingIncome": "18000000", "depreciation": "None", "depreciationAndAmortization": "79000000", "incomeBeforeTax": "958000000", "incomeTaxExpense": "309000000", "interestAndDebtExpense": "None", "netIncomeFromContinuingOperations": "649000000", "comprehensiveIncomeNetOfTax": "None", "ebit": "993000000", "ebitda": "1072000000", "netIncome": "657000000"}, {"fiscalDateEnding": "2010-09-30", "reportedCurrency": "USD", "grossProfit": "1213000000", "totalRevenue": "2092000000", "costOfRevenue": "879000000", "costofGoodsAndServicesSold": "879000000", "operatingIncome": "707000000", "sellingGeneralAndAdministrative": "1214000000", "researchAndDevelopment": "0", "operatingExpenses": "506000000", "investmentIncomeNet": "None", "netInterestIncome": "None", "interestIncome": "None", "interestExpense": "37000000", "nonInterestIncome": "None", "otherNonOperatingIncome": "78000000", "depreciation": "None", "depreciationAndAmortization": "74000000", "incomeBeforeTax": "785000000", "incomeTaxExpense": "201000000", "interestAndDebtExpense": "None", "netIncomeFromContinuingOperations": "584000000", "comprehensiveIncomeNetOfTax": "None", "ebit": "822000000", "ebitda": "896000000", "netIncome": "551000000"}, {"fiscalDateEnding": "2010-06-30", "reportedCurrency": "USD", "grossProfit": "385000000", "totalRevenue": "2032000000", "costOfRevenue": "1647000000", "costofGoodsAndServicesSold": "1647000000", "operatingIncome": "697000000", "sellingGeneralAndAdministrative": "1049000000", "researchAndDevelopment": "0", "operatingExpenses": "-312000000", "investmentIncomeNet": "None", "netInterestIncome": "None", "interestIncome": "None", "interestExpense": "38000000", "nonInterestIncome": "None", "otherNonOperatingIncome": "-75000000", "depreciation": "None", "depreciationAndAmortization": "79000000", "incomeBeforeTax": "622000000", "incomeTaxExpense": "233000000", "interestAndDebtExpense": "None", "netIncomeFromContinuingOperations": "389000000", "comprehensiveIncomeNetOfTax": "None", "ebit": "660000000", "ebitda": "739000000", "netIncome": "432000000"}, {"fiscalDateEnding": "2010-03-31", "reportedCurrency": "USD", "grossProfit": "1122000000", "totalRevenue": "1995000000", "costOfRevenue": "873000000", "costofGoodsAndServicesSold": "873000000", "operatingIncome": "654000000", "sellingGeneralAndAdministrative": "1062000000", "researchAndDevelopment": "0", "operatingExpenses": "468000000", "investmentIncomeNet": "None", "netInterestIncome": "None", "interestIncome": "None", "interestExpense": "40000000", "nonInterestIncome": "None", "otherNonOperatingIncome": "2000000", "depreciation": "None", "depreciationAndAmortization": "78000000", "incomeBeforeTax": "656000000", "incomeTaxExpense": "228000000", "interestAndDebtExpense": "None", "netIncomeFromContinuingOperations": "428000000", "comprehensiveIncomeNetOfTax": "None", "ebit": "696000000", "ebitda": "774000000", "netIncome": "423000000"}, {"fiscalDateEnding": "2009-12-31", "reportedCurrency": "USD", "grossProfit": "2623000000", "totalRevenue": "1544000000", "costOfRevenue": "-1079000000", "costofGoodsAndServicesSold": "-1079000000", "operatingIncome": "389000000", "sellingGeneralAndAdministrative": "394000000", "researchAndDevelopment": "0", "operatingExpenses": "2234000000", "investmentIncomeNet": "None", "netInterestIncome": "None", "interestIncome": "None", "interestExpense": "23000000", "nonInterestIncome": "None", "otherNonOperatingIncome": "None", "depreciation": "None", "depreciationAndAmortization": "64000000", "incomeBeforeTax": "407000000", "incomeTaxExpense": "150000000", "interestAndDebtExpense": "None", "netIncomeFromContinuingOperations": "0", "comprehensiveIncomeNetOfTax": "None", "ebit": "430000000", "ebitda": "494000000", "netIncome": "256000000"}, {"fiscalDateEnding": "2009-09-30", "reportedCurrency": "USD", "grossProfit": "577000000", "totalRevenue": "1140000000", "costOfRevenue": "563000000", "costofGoodsAndServicesSold": "563000000", "operatingIncome": "357000000", "sellingGeneralAndAdministrative": "605000000", "researchAndDevelopment": "0", "operatingExpenses": "220000000", "investmentIncomeNet": "None", "netInterestIncome": "None", "interestIncome": "None", "interestExpense": "15000000", "nonInterestIncome": "None", "otherNonOperatingIncome": "None", "depreciation": "None", "depreciationAndAmortization": "60000000", "incomeBeforeTax": "435000000", "incomeTaxExpense": "101000000", "interestAndDebtExpense": "None", "netIncomeFromContinuingOperations": "0", "comprehensiveIncomeNetOfTax": "None", "ebit": "450000000", "ebitda": "510000000", "netIncome": "317000000"}, {"fiscalDateEnding": "2009-06-30", "reportedCurrency": "USD", "grossProfit": "514", "totalRevenue": "1029000000", "costOfRevenue": "426000000", "costofGoodsAndServicesSold": "426000000", "operatingIncome": "524000000", "sellingGeneralAndAdministrative": "867000000", "researchAndDevelopment": "0", "operatingExpenses": "867000000", "investmentIncomeNet": "None", "netInterestIncome": "None", "interestIncome": "None", "interestExpense": "11000000", "nonInterestIncome": "None", "otherNonOperatingIncome": "None", "depreciation": "None", "depreciationAndAmortization": "58000000", "incomeBeforeTax": "338000000", "incomeTaxExpense": "94000000", "interestAndDebtExpense": "None", "netIncomeFromContinuingOperations": "0", "comprehensiveIncomeNetOfTax": "None", "ebit": "353000000", "ebitda": "411000000", "netIncome": "218000000"}, {"fiscalDateEnding": "2009-03-31", "reportedCurrency": "USD", "grossProfit": "507000000", "totalRevenue": "987000000", "costOfRevenue": "480000000", "costofGoodsAndServicesSold": "480000000", "operatingIncome": "271000000", "sellingGeneralAndAdministrative": "810000000", "researchAndDevelopment": "0", "operatingExpenses": "238000000", "investmentIncomeNet": "None", "netInterestIncome": "None", "interestIncome": "None", "interestExpense": "15000000", "nonInterestIncome": "None", "otherNonOperatingIncome": "None", "depreciation": "None", "depreciationAndAmortization": "57000000", "incomeBeforeTax": "92000000", "incomeTaxExpense": "30000000", "interestAndDebtExpense": "None", "netIncomeFromContinuingOperations": "0", "comprehensiveIncomeNetOfTax": "None", "ebit": "107000000", "ebitda": "164000000", "netIncome": "84000000"}, {"fiscalDateEnding": "2008-12-31", "reportedCurrency": "USD", "grossProfit": "2415302000", "totalRevenue": "1063690000", "costOfRevenue": "-1351612000", "costofGoodsAndServicesSold": "-1351612000", "operatingIncome": "338784000", "sellingGeneralAndAdministrative": "260118000", "researchAndDevelopment": "0", "operatingExpenses": "2076518000", "investmentIncomeNet": "None", "netInterestIncome": "None", "interestIncome": "None", "interestExpense": "15165000", "nonInterestIncome": "None", "otherNonOperatingIncome": "None", "depreciation": "None", "depreciationAndAmortization": "56515000", "incomeBeforeTax": "-73741000", "incomeTaxExpense": "-6937000", "interestAndDebtExpense": "None", "netIncomeFromContinuingOperations": "0", "comprehensiveIncomeNetOfTax": "None", "ebit": "-58576000", "ebitda": "-2061000", "netIncome": "52545000"}, {"fiscalDateEnding": "2008-09-30", "reportedCurrency": "USD", "grossProfit": "694867000", "totalRevenue": "1313220000", "costOfRevenue": "530827000", "costofGoodsAndServicesSold": "530827000", "operatingIncome": "271718000", "sellingGeneralAndAdministrative": "170917000", "researchAndDevelopment": "0", "operatingExpenses": "1175812000", "investmentIncomeNet": "None", "netInterestIncome": "None", "interestIncome": "None", "interestExpense": "18000000", "nonInterestIncome": "None", "otherNonOperatingIncome": "None", "depreciation": "None", "depreciationAndAmortization": "61000000", "incomeBeforeTax": "318368000", "incomeTaxExpense": "117237000", "interestAndDebtExpense": "None", "netIncomeFromContinuingOperations": "0", "comprehensiveIncomeNetOfTax": "None", "ebit": "331000000", "ebitda": "392000000", "netIncome": "217000000"}, {"fiscalDateEnding": "2008-06-30", "reportedCurrency": "USD", "grossProfit": "681379000", "totalRevenue": "1386951000", "costOfRevenue": "705572000", "costofGoodsAndServicesSold": "705572000", "operatingIncome": "404990000", "sellingGeneralAndAdministrative": "1218436000", "researchAndDevelopment": "0", "operatingExpenses": "276389000", "investmentIncomeNet": "None", "netInterestIncome": "None", "interestIncome": "None", "interestExpense": "18000000", "nonInterestIncome": "None", "otherNonOperatingIncome": "None", "depreciation": "None", "depreciationAndAmortization": "58000000", "incomeBeforeTax": "421627000", "incomeTaxExpense": "147569000", "interestAndDebtExpense": "None", "netIncomeFromContinuingOperations": "0", "comprehensiveIncomeNetOfTax": "None", "ebit": "419000000", "ebitda": "477000000", "netIncome": "274000000"}, {"fiscalDateEnding": "2008-03-31", "reportedCurrency": "USD", "grossProfit": "675138000", "totalRevenue": "1300138000", "costOfRevenue": "505518000", "costofGoodsAndServicesSold": "505518000", "operatingIncome": "395690000", "sellingGeneralAndAdministrative": "212983000", "researchAndDevelopment": "0", "operatingExpenses": "1174421000", "investmentIncomeNet": "None", "netInterestIncome": "None", "interestIncome": "None", "interestExpense": "18000000", "nonInterestIncome": "None", "otherNonOperatingIncome": "None", "depreciation": "None", "depreciationAndAmortization": "59000000", "incomeBeforeTax": "371802000", "incomeTaxExpense": "130131000", "interestAndDebtExpense": "None", "netIncomeFromContinuingOperations": "0", "comprehensiveIncomeNetOfTax": "None", "ebit": "394000000", "ebitda": "453000000", "netIncome": "241000000"}, {"fiscalDateEnding": "2007-12-31", "reportedCurrency": "USD", "grossProfit": "725822000", "totalRevenue": "1444179000", "costOfRevenue": "718357000", "costofGoodsAndServicesSold": "718357000", "operatingIncome": "1136526000", "sellingGeneralAndAdministrative": "2163254000", "researchAndDevelopment": "0", "operatingExpenses": "3731991000", "investmentIncomeNet": "None", "netInterestIncome": "None", "interestIncome": "None", "interestExpense": "18389000", "nonInterestIncome": "None", "otherNonOperatingIncome": "None", "depreciation": "None", "depreciationAndAmortization": "55437000", "incomeBeforeTax": "497132000", "incomeTaxExpense": "165746000", "interestAndDebtExpense": "None", "netIncomeFromContinuingOperations": "0", "comprehensiveIncomeNetOfTax": "None", "ebit": "1046183000", "ebitda": "1101620000", "netIncome": "322440000"}, {"fiscalDateEnding": "2007-09-30", "reportedCurrency": "USD", "grossProfit": "761887000", "totalRevenue": "1298079000", "costOfRevenue": "536192000", "costofGoodsAndServicesSold": "536192000", "operatingIncome": "271718000", "sellingGeneralAndAdministrative": "194442000", "researchAndDevelopment": "0", "operatingExpenses": "490169000", "investmentIncomeNet": "None", "netInterestIncome": "None", "interestIncome": "None", "interestExpense": "9815000", "nonInterestIncome": "None", "otherNonOperatingIncome": "None", "depreciation": "None", "depreciationAndAmortization": "59848000", "incomeBeforeTax": "399907000", "incomeTaxExpense": "63168000", "interestAndDebtExpense": "None", "netIncomeFromContinuingOperations": "0", "comprehensiveIncomeNetOfTax": "None", "ebit": "409722000", "ebitda": "469570000", "netIncome": "255200000"}, {"fiscalDateEnding": "2007-06-30", "reportedCurrency": "USD", "grossProfit": "652571000", "totalRevenue": "1097023000", "costOfRevenue": "444452000", "costofGoodsAndServicesSold": "444452000", "operatingIncome": "282001000", "sellingGeneralAndAdministrative": "210780000", "researchAndDevelopment": "0", "operatingExpenses": "370570000", "investmentIncomeNet": "None", "netInterestIncome": "None", "interestIncome": "None", "interestExpense": "10223000", "nonInterestIncome": "None", "otherNonOperatingIncome": "None", "depreciation": "None", "depreciationAndAmortization": "59788000", "incomeBeforeTax": "495719000", "incomeTaxExpense": "125012000", "interestAndDebtExpense": "None", "netIncomeFromContinuingOperations": "0", "comprehensiveIncomeNetOfTax": "None", "ebit": "505942000", "ebitda": "565730000", "netIncome": "222244000"}, {"fiscalDateEnding": "2007-03-31", "reportedCurrency": "USD", "grossProfit": "1005374000", "totalRevenue": "1005374000", "costOfRevenue": "383430000", "costofGoodsAndServicesSold": "383430000", "operatingIncome": "272231000", "sellingGeneralAndAdministrative": "223036000", "researchAndDevelopment": "0", "operatingExpenses": "733143000", "investmentIncomeNet": "None", "netInterestIncome": "None", "interestIncome": "None", "interestExpense": "10986000", "nonInterestIncome": "None", "otherNonOperatingIncome": "None", "depreciation": "None", "depreciationAndAmortization": "67620000", "incomeBeforeTax": "429962000", "incomeTaxExpense": "109906000", "interestAndDebtExpense": "None", "netIncomeFromContinuingOperations": "0", "comprehensiveIncomeNetOfTax": "None", "ebit": "272231000", "ebitda": "339851000", "netIncome": "195388000"}, {"fiscalDateEnding": "2006-12-31", "reportedCurrency": "USD", "grossProfit": "1018525000", "totalRevenue": "1018525000", "costOfRevenue": "983102000", "costofGoodsAndServicesSold": "983102000", "operatingIncome": "422432000", "sellingGeneralAndAdministrative": "229004000", "researchAndDevelopment": "0", "operatingExpenses": "772442000", "investmentIncomeNet": "None", "netInterestIncome": "None", "interestIncome": "None", "interestExpense": "3895000", "nonInterestIncome": "None", "otherNonOperatingIncome": "None", "depreciation": "None", "depreciationAndAmortization": "43508000", "incomeBeforeTax": "282697000", "incomeTaxExpense": "99500000", "interestAndDebtExpense": "None", "netIncomeFromContinuingOperations": "0", "comprehensiveIncomeNetOfTax": "None", "ebit": "246083000", "ebitda": "289591000", "netIncome": "169423000"}, {"fiscalDateEnding": "2006-09-30", "reportedCurrency": "USD", "grossProfit": "323058000", "totalRevenue": "323058000", "costOfRevenue": "200492000", "costofGoodsAndServicesSold": "200492000", "operatingIncome": "29008000", "sellingGeneralAndAdministrative": "82905000", "researchAndDevelopment": "0", "operatingExpenses": "294050000", "investmentIncomeNet": "None", "netInterestIncome": "None", "interestIncome": "None", "interestExpense": "2022000", "nonInterestIncome": "None", "otherNonOperatingIncome": "None", "depreciation": "None", "depreciationAndAmortization": "10784000", "incomeBeforeTax": "18914000", "incomeTaxExpense": "11108000", "interestAndDebtExpense": "None", "netIncomeFromContinuingOperations": "0", "comprehensiveIncomeNetOfTax": "None", "ebit": "29008000", "ebitda": "39792000", "netIncome": "18914000"}, {"fiscalDateEnding": "2006-06-30", "reportedCurrency": "USD", "grossProfit": "360733000", "totalRevenue": "360733000", "costOfRevenue": "242095000", "costofGoodsAndServicesSold": "242095000", "operatingIncome": "96683000", "sellingGeneralAndAdministrative": "74367000", "researchAndDevelopment": "0", "operatingExpenses": "264050000", "investmentIncomeNet": "None", "netInterestIncome": "None", "interestIncome": "None", "interestExpense": "2030000", "nonInterestIncome": "None", "otherNonOperatingIncome": "None", "depreciation": "None", "depreciationAndAmortization": "9710000", "incomeBeforeTax": "101498000", "incomeTaxExpense": "37237000", "interestAndDebtExpense": "None", "netIncomeFromContinuingOperations": "0", "comprehensiveIncomeNetOfTax": "None", "ebit": "96381000", "ebitda": "106091000", "netIncome": "63404000"}, {"fiscalDateEnding": "2006-03-31", "reportedCurrency": "USD", "grossProfit": "395660000", "totalRevenue": "395660000", "costOfRevenue": "245495000", "costofGoodsAndServicesSold": "245495000", "operatingIncome": "100027000", "sellingGeneralAndAdministrative": "56984000", "researchAndDevelopment": "0", "operatingExpenses": "295633000", "investmentIncomeNet": "None", "netInterestIncome": "None", "interestIncome": "None", "interestExpense": "1969000", "nonInterestIncome": "None", "otherNonOperatingIncome": "None", "depreciation": "None", "depreciationAndAmortization": "9411000", "incomeBeforeTax": "113122000", "incomeTaxExpense": "41618000", "interestAndDebtExpense": "None", "netIncomeFromContinuingOperations": "0", "comprehensiveIncomeNetOfTax": "None", "ebit": "99725000", "ebitda": "109136000", "netIncome": "70862000"}, {"fiscalDateEnding": "2005-12-31", "reportedCurrency": "USD", "grossProfit": "369108000", "totalRevenue": "369108000", "costOfRevenue": "248224000", "costofGoodsAndServicesSold": "248224000", "operatingIncome": "112396000", "sellingGeneralAndAdministrative": "60761000", "researchAndDevelopment": "0", "operatingExpenses": "256712000", "investmentIncomeNet": "None", "netInterestIncome": "None", "interestIncome": "None", "interestExpense": "1840000", "nonInterestIncome": "None", "otherNonOperatingIncome": "None", "depreciation": "None", "depreciationAndAmortization": "7788000", "incomeBeforeTax": "116442000", "incomeTaxExpense": "42826000", "interestAndDebtExpense": "None", "netIncomeFromContinuingOperations": "0", "comprehensiveIncomeNetOfTax": "None", "ebit": "112396000", "ebitda": "120184000", "netIncome": "72918000"}]}