{"symbol": "ATGL", "annualReports": [{"fiscalDateEnding": "2025-09-30", "reportedCurrency": "HKD", "grossProfit": "-38743334", "totalRevenue": "7382146", "costOfRevenue": "46125480", "costofGoodsAndServicesSold": "46125480", "operatingIncome": "-57733115", "sellingGeneralAndAdministrative": "60029968", "researchAndDevelopment": "None", "operatingExpenses": "18989780", "investmentIncomeNet": "None", "netInterestIncome": "-1142460", "interestIncome": "None", "interestExpense": "1140302", "nonInterestIncome": "None", "otherNonOperatingIncome": "None", "depreciation": "None", "depreciationAndAmortization": "1192657", "incomeBeforeTax": "-71337085", "incomeTaxExpense": "-1059867", "interestAndDebtExpense": "None", "netIncomeFromContinuingOperations": "-70409731", "comprehensiveIncomeNetOfTax": "None", "ebit": "-70196783", "ebitda": "-69004126", "netIncome": "-70277218"}, {"fiscalDateEnding": "2024-09-30", "reportedCurrency": "HKD", "grossProfit": "6458052", "totalRevenue": "12354572", "costOfRevenue": "5896520", "costofGoodsAndServicesSold": "5896520", "operatingIncome": "-6253682", "sellingGeneralAndAdministrative": "5806762", "researchAndDevelopment": "None", "operatingExpenses": "12711734", "investmentIncomeNet": "None", "netInterestIncome": "-102158", "interestIncome": "None", "interestExpense": "102158", "nonInterestIncome": "None", "otherNonOperatingIncome": "None", "depreciation": "None", "depreciationAndAmortization": "721446", "incomeBeforeTax": "-5487765", "incomeTaxExpense": "None", "interestAndDebtExpense": "None", "netIncomeFromContinuingOperations": "-5487765", "comprehensiveIncomeNetOfTax": "None", "ebit": "-5385607", "ebitda": "-4664161", "netIncome": "-5487765"}, {"fiscalDateEnding": "2023-09-30", "reportedCurrency": "HKD", "grossProfit": "2846072", "totalRevenue": "8689749", "costOfRevenue": "5843677", "costofGoodsAndServicesSold": "5843677", "operatingIncome": "-6581115", "sellingGeneralAndAdministrative": "5503686", "researchAndDevelopment": "None", "operatingExpenses": "9427187", "investmentIncomeNet": "None", "netInterestIncome": "-74587", "interestIncome": "None", "interestExpense": "74587", "nonInterestIncome": "None", "otherNonOperatingIncome": "None", "depreciation": "None", "depreciationAndAmortization": "770205", "incomeBeforeTax": "-6578565", "incomeTaxExpense": "252408", "interestAndDebtExpense": "None", "netIncomeFromContinuingOperations": "-6830973", "comprehensiveIncomeNetOfTax": "None", "ebit": "-6503978", "ebitda": "-5733773", "netIncome": "-6830973"}, {"fiscalDateEnding": "2022-09-30", "reportedCurrency": "HKD", "grossProfit": "1002173", "totalRevenue": "4421208", "costOfRevenue": "3419035", "costofGoodsAndServicesSold": "3419035", "operatingIncome": "-2714060", "sellingGeneralAndAdministrative": "2962864", "researchAndDevelopment": "None", "operatingExpenses": "3716233", "investmentIncomeNet": "None", "netInterestIncome": "-86621", "interestIncome": "None", "interestExpense": "86621", "nonInterestIncome": "None", "otherNonOperatingIncome": "None", "depreciation": "None", "depreciationAndAmortization": "137588", "incomeBeforeTax": "-2590231", "incomeTaxExpense": "73323", "interestAndDebtExpense": "None", "netIncomeFromContinuingOperations": "-2663554", "comprehensiveIncomeNetOfTax": "None", "ebit": "-2503610", "ebitda": "-2366022", "netIncome": "-2663554"}, {"fiscalDateEnding": "2021-09-30", "reportedCurrency": "HKD", "grossProfit": "1457113", "totalRevenue": "4055406", "costOfRevenue": "2598293", "costofGoodsAndServicesSold": "2598293", "operatingIncome": "-925238", "sellingGeneralAndAdministrative": "2078278", "researchAndDevelopment": "None", "operatingExpenses": "2382351", "investmentIncomeNet": "None", "netInterestIncome": "-47743", "interestIncome": "None", "interestExpense": "47743", "nonInterestIncome": "None", "otherNonOperatingIncome": "None", "depreciation": "None", "depreciationAndAmortization": "44170", "incomeBeforeTax": "-956481", "incomeTaxExpense": "24554", "interestAndDebtExpense": "None", "netIncomeFromContinuingOperations": "-981035", "comprehensiveIncomeNetOfTax": "None", "ebit": "-908738", "ebitda": "-864568", "netIncome": "-981035"}], "quarterlyReports": [{"fiscalDateEnding": "2025-12-31", "reportedCurrency": "None", "grossProfit": "-40129059", "totalRevenue": "4323250", "costOfRevenue": "44456282", "costofGoodsAndServicesSold": "44456282", "operatingIncome": "-51979201", "sellingGeneralAndAdministrative": "None", "researchAndDevelopment": "None", "operatingExpenses": "11850141", "investmentIncomeNet": "None", "netInterestIncome": "None", "interestIncome": "None", "interestExpense": "440718", "nonInterestIncome": "None", "otherNonOperatingIncome": "None", "depreciation": "None", "depreciationAndAmortization": "1185017", "incomeBeforeTax": "-65560088", "incomeTaxExpense": "-1057486", "interestAndDebtExpense": "None", "netIncomeFromContinuingOperations": "None", "comprehensiveIncomeNetOfTax": "None", "ebit": "-64442869", "ebitda": "-63257852", "netIncome": "-64502593"}, {"fiscalDateEnding": "2025-03-31", "reportedCurrency": "None", "grossProfit": "1385725", "totalRevenue": "3054923", "costOfRevenue": "1669198", "costofGoodsAndServicesSold": "1669198", "operatingIncome": "-5753914", "sellingGeneralAndAdministrative": "None", "researchAndDevelopment": "None", "operatingExpenses": "7139639", "investmentIncomeNet": "None", "netInterestIncome": "None", "interestIncome": "None", "interestExpense": "None", "nonInterestIncome": "None", "otherNonOperatingIncome": "None", "depreciation": "None", "depreciationAndAmortization": "7640", "incomeBeforeTax": "-5640188", "incomeTaxExpense": "None", "interestAndDebtExpense": "None", "netIncomeFromContinuingOperations": "None", "comprehensiveIncomeNetOfTax": "None", "ebit": "-5753914", "ebitda": "-5746274", "netIncome": "-5640188"}, {"fiscalDateEnding": "2024-12-31", "reportedCurrency": "None", "grossProfit": "1844426", "totalRevenue": "3165783", "costOfRevenue": "1321357", "costofGoodsAndServicesSold": "1321357", "operatingIncome": "-1007873", "sellingGeneralAndAdministrative": "1214137", "researchAndDevelopment": "None", "operatingExpenses": "2348362", "investmentIncomeNet": "None", "netInterestIncome": "None", "interestIncome": "None", "interestExpense": "36159", "nonInterestIncome": "None", "otherNonOperatingIncome": "None", "depreciation": "None", "depreciationAndAmortization": "3820", "incomeBeforeTax": "-238542", "incomeTaxExpense": "None", "interestAndDebtExpense": "None", "netIncomeFromContinuingOperations": "None", "comprehensiveIncomeNetOfTax": "None", "ebit": "-490820", "ebitda": "-487000", "netIncome": "-238542"}, {"fiscalDateEnding": "2024-03-31", "reportedCurrency": "None", "grossProfit": "1384600", "totalRevenue": "3011503", "costOfRevenue": "1626903", "costofGoodsAndServicesSold": "1626903", "operatingIncome": "-5749746", "sellingGeneralAndAdministrative": "5199693", "researchAndDevelopment": "None", "operatingExpenses": "4007504", "investmentIncomeNet": "None", "netInterestIncome": "None", "interestIncome": "None", "interestExpense": "14920", "nonInterestIncome": "None", "otherNonOperatingIncome": "None", "depreciation": "None", "depreciationAndAmortization": "2475", "incomeBeforeTax": "-2505341", "incomeTaxExpense": "None", "interestAndDebtExpense": "None", "netIncomeFromContinuingOperations": "None", "comprehensiveIncomeNetOfTax": "None", "ebit": "-2096995", "ebitda": "-2094520", "netIncome": "-2505341"}, {"fiscalDateEnding": "2023-12-31", "reportedCurrency": "None", "grossProfit": "155252", "totalRevenue": "3145368", "costOfRevenue": "2990116", "costofGoodsAndServicesSold": "2990116", "operatingIncome": "-4382584.36", "sellingGeneralAndAdministrative": "None", "researchAndDevelopment": "None", "operatingExpenses": "4537789", "investmentIncomeNet": "None", "netInterestIncome": "None", "interestIncome": "None", "interestExpense": "37031", "nonInterestIncome": "None", "otherNonOperatingIncome": "None", "depreciation": "None", "depreciationAndAmortization": "700202", "incomeBeforeTax": "-409554", "incomeTaxExpense": "176502", "interestAndDebtExpense": "None", "netIncomeFromContinuingOperations": "None", "comprehensiveIncomeNetOfTax": "None", "ebit": "-558774.59", "ebitda": "141427.41", "netIncome": "-4587155.06"}, {"fiscalDateEnding": "2023-09-30", "reportedCurrency": "None", "grossProfit": "19835", "totalRevenue": "401853", "costOfRevenue": "382018", "costofGoodsAndServicesSold": "382018", "operatingIncome": "-559920", "sellingGeneralAndAdministrative": "None", "researchAndDevelopment": "None", "operatingExpenses": "579749", "investmentIncomeNet": "None", "netInterestIncome": "None", "interestIncome": "None", "interestExpense": "4731.10", "nonInterestIncome": "None", "otherNonOperatingIncome": "None", "depreciation": "None", "depreciationAndAmortization": "89458", "incomeBeforeTax": "-563505", "incomeTaxExpense": "22550", "interestAndDebtExpense": "None", "netIncomeFromContinuingOperations": "None", "comprehensiveIncomeNetOfTax": "None", "ebit": "-559918", "ebitda": "-470460", "netIncome": "-586056"}, {"fiscalDateEnding": "2023-03-31", "reportedCurrency": "None", "grossProfit": "1925296.41", "totalRevenue": "5556354.15", "costOfRevenue": "3631057.73", "costofGoodsAndServicesSold": "3631057.73", "operatingIncome": "-2375183.23", "sellingGeneralAndAdministrative": "None", "researchAndDevelopment": "None", "operatingExpenses": "4300463.95", "investmentIncomeNet": "None", "netInterestIncome": "None", "interestIncome": "None", "interestExpense": "37628.15", "nonInterestIncome": "None", "otherNonOperatingIncome": "None", "depreciation": "None", "depreciationAndAmortization": "69778.75", "incomeBeforeTax": "-2327575.95", "incomeTaxExpense": "75988.12", "interestAndDebtExpense": "None", "netIncomeFromContinuingOperations": "None", "comprehensiveIncomeNetOfTax": "None", "ebit": "-2375179.84", "ebitda": "-2305401.09", "netIncome": "-2403559.21"}]}