{"symbol": "ANGH", "annualReports": [{"fiscalDateEnding": "2024-12-31", "reportedCurrency": "USD", "grossProfit": "-24022811", "totalRevenue": "78093405", "costOfRevenue": "102116216", "costofGoodsAndServicesSold": "102116216", "operatingIncome": "-62139512", "sellingGeneralAndAdministrative": "18824401", "researchAndDevelopment": "None", "operatingExpenses": "38116701", "investmentIncomeNet": "None", "netInterestIncome": "455980", "interestIncome": "538877", "interestExpense": "82897", "nonInterestIncome": "None", "otherNonOperatingIncome": "None", "depreciation": "None", "depreciationAndAmortization": "6295064", "incomeBeforeTax": "-61820463", "incomeTaxExpense": "1772085", "interestAndDebtExpense": "None", "netIncomeFromContinuingOperations": "-63592548", "comprehensiveIncomeNetOfTax": "None", "ebit": "-61737566", "ebitda": "-55442502", "netIncome": "-63554582"}, {"fiscalDateEnding": "2023-12-31", "reportedCurrency": "USD", "grossProfit": "10291898", "totalRevenue": "41380440", "costOfRevenue": "31088542", "costofGoodsAndServicesSold": "31088542", "operatingIncome": "-14557807", "sellingGeneralAndAdministrative": "16113964", "researchAndDevelopment": "761561", "operatingExpenses": "24849705", "investmentIncomeNet": "None", "netInterestIncome": "-249558", "interestIncome": "18959", "interestExpense": "268517", "nonInterestIncome": "None", "otherNonOperatingIncome": "None", "depreciation": "None", "depreciationAndAmortization": "3217940", "incomeBeforeTax": "-15010643", "incomeTaxExpense": "654991", "interestAndDebtExpense": "None", "netIncomeFromContinuingOperations": "-15665634", "comprehensiveIncomeNetOfTax": "None", "ebit": "-14742126", "ebitda": "-11524186", "netIncome": "-15813351"}, {"fiscalDateEnding": "2022-12-31", "reportedCurrency": "USD", "grossProfit": "9351493", "totalRevenue": "48482015", "costOfRevenue": "39130522", "costofGoodsAndServicesSold": "39130522", "operatingIncome": "-17379187", "sellingGeneralAndAdministrative": "18389591", "researchAndDevelopment": "725577", "operatingExpenses": "26730680", "investmentIncomeNet": "None", "netInterestIncome": "-537715", "interestIncome": "15036", "interestExpense": "552751", "nonInterestIncome": "None", "otherNonOperatingIncome": "None", "depreciation": "None", "depreciationAndAmortization": "3794785", "incomeBeforeTax": "-60328095", "incomeTaxExpense": "892937", "interestAndDebtExpense": "None", "netIncomeFromContinuingOperations": "-61221032", "comprehensiveIncomeNetOfTax": "None", "ebit": "-59775344", "ebitda": "-55980559", "netIncome": "-61019350"}, {"fiscalDateEnding": "2021-12-31", "reportedCurrency": "USD", "grossProfit": "9041755", "totalRevenue": "35504392", "costOfRevenue": "26462637", "costofGoodsAndServicesSold": "26462637", "operatingIncome": "-13564077", "sellingGeneralAndAdministrative": "16343928", "researchAndDevelopment": "619259", "operatingExpenses": "22605832", "investmentIncomeNet": "None", "netInterestIncome": "-2534656", "interestIncome": "145107", "interestExpense": "2679763", "nonInterestIncome": "None", "otherNonOperatingIncome": "None", "depreciation": "None", "depreciationAndAmortization": "952545", "incomeBeforeTax": "-17710304", "incomeTaxExpense": "340003", "interestAndDebtExpense": "None", "netIncomeFromContinuingOperations": "-18050307", "comprehensiveIncomeNetOfTax": "None", "ebit": "-15483872", "ebitda": "-14531327", "netIncome": "-17786681"}, {"fiscalDateEnding": "2020-12-31", "reportedCurrency": "USD", "grossProfit": "8171835", "totalRevenue": "30518356", "costOfRevenue": "22346521", "costofGoodsAndServicesSold": "22346521", "operatingIncome": "-576316", "sellingGeneralAndAdministrative": "5166500", "researchAndDevelopment": "None", "operatingExpenses": "576316", "investmentIncomeNet": "None", "netInterestIncome": "-1477285", "interestIncome": "137397", "interestExpense": "323131", "nonInterestIncome": "None", "otherNonOperatingIncome": "None", "depreciation": "None", "depreciationAndAmortization": "859129", "incomeBeforeTax": "941637", "incomeTaxExpense": "501238", "interestAndDebtExpense": "None", "netIncomeFromContinuingOperations": "-5743190", "comprehensiveIncomeNetOfTax": "None", "ebit": "-3791970", "ebitda": "941637", "netIncome": "941637"}, {"fiscalDateEnding": "2019-12-31", "reportedCurrency": "USD", "grossProfit": "9674670", "totalRevenue": "31227649", "costOfRevenue": "21552979", "costofGoodsAndServicesSold": "21552979", "operatingIncome": "-5250321", "sellingGeneralAndAdministrative": "6626624", "researchAndDevelopment": "None", "operatingExpenses": "14924991", "investmentIncomeNet": "None", "netInterestIncome": "-953308", "interestIncome": "3305", "interestExpense": "978332", "nonInterestIncome": "None", "otherNonOperatingIncome": "None", "depreciation": "None", "depreciationAndAmortization": "668619", "incomeBeforeTax": "-6307428", "incomeTaxExpense": "638965", "interestAndDebtExpense": "None", "netIncomeFromContinuingOperations": "-6946393", "comprehensiveIncomeNetOfTax": "None", "ebit": "-5329096", "ebitda": "-4660477", "netIncome": "-6745735"}], "quarterlyReports": [{"fiscalDateEnding": "2024-03-31", "reportedCurrency": "None", "grossProfit": "3621492", "totalRevenue": "11238364", "costOfRevenue": "7616872", "costofGoodsAndServicesSold": "7616872", "operatingIncome": "-2372253", "sellingGeneralAndAdministrative": "4370831", "researchAndDevelopment": "193911", "operatingExpenses": "5993745", "investmentIncomeNet": "None", "netInterestIncome": "None", "interestIncome": "None", "interestExpense": "None", "nonInterestIncome": "None", "otherNonOperatingIncome": "None", "depreciation": "None", "depreciationAndAmortization": "390590", "incomeBeforeTax": "-1579327", "incomeTaxExpense": "179987", "interestAndDebtExpense": "None", "netIncomeFromContinuingOperations": "None", "comprehensiveIncomeNetOfTax": "None", "ebit": "-2178317", "ebitda": "-1787727", "netIncome": "-1929619"}, {"fiscalDateEnding": "2023-09-30", "reportedCurrency": "None", "grossProfit": "3621492", "totalRevenue": "11238364", "costOfRevenue": "7616872", "costofGoodsAndServicesSold": "7616872", "operatingIncome": "-2446500", "sellingGeneralAndAdministrative": "4715185", "researchAndDevelopment": "186870", "operatingExpenses": "5993745", "investmentIncomeNet": "None", "netInterestIncome": "None", "interestIncome": "None", "interestExpense": "None", "nonInterestIncome": "None", "otherNonOperatingIncome": "None", "depreciation": "None", "depreciationAndAmortization": "390590", "incomeBeforeTax": "-1579327", "incomeTaxExpense": "179987", "interestAndDebtExpense": "None", "netIncomeFromContinuingOperations": "None", "comprehensiveIncomeNetOfTax": "None", "ebit": "-2178317", "ebitda": "-1787727", "netIncome": "-1929619"}, {"fiscalDateEnding": "2023-06-30", "reportedCurrency": "None", "grossProfit": "1524457", "totalRevenue": "9451856", "costOfRevenue": "7927399", "costofGoodsAndServicesSold": "7927399", "operatingIncome": "-4832404", "sellingGeneralAndAdministrative": "4687778", "researchAndDevelopment": "186870", "operatingExpenses": "7383441", "investmentIncomeNet": "None", "netInterestIncome": "None", "interestIncome": "None", "interestExpense": "None", "nonInterestIncome": "None", "otherNonOperatingIncome": "None", "depreciation": "None", "depreciationAndAmortization": "760476", "incomeBeforeTax": "-5925995", "incomeTaxExpense": "147509", "interestAndDebtExpense": "None", "netIncomeFromContinuingOperations": "None", "comprehensiveIncomeNetOfTax": "None", "ebit": "-4832404", "ebitda": "-4071928", "netIncome": "-5977057"}, {"fiscalDateEnding": "2023-03-31", "reportedCurrency": "None", "grossProfit": "1524457", "totalRevenue": "9451856", "costOfRevenue": "7927399", "costofGoodsAndServicesSold": "7927399", "operatingIncome": "-4832404", "sellingGeneralAndAdministrative": "4687778", "researchAndDevelopment": "186870", "operatingExpenses": "7383441", "investmentIncomeNet": "None", "netInterestIncome": "None", "interestIncome": "None", "interestExpense": "None", "nonInterestIncome": "None", "otherNonOperatingIncome": "None", "depreciation": "None", "depreciationAndAmortization": "760476", "incomeBeforeTax": "-5925995", "incomeTaxExpense": "147509", "interestAndDebtExpense": "None", "netIncomeFromContinuingOperations": "None", "comprehensiveIncomeNetOfTax": "None", "ebit": "-4832404", "ebitda": "-4071928", "netIncome": "-5977057"}, {"fiscalDateEnding": "2022-09-30", "reportedCurrency": "None", "grossProfit": "3205254", "totalRevenue": "13721645", "costOfRevenue": "10516391", "costofGoodsAndServicesSold": "10516391", "operatingIncome": "-739976", "sellingGeneralAndAdministrative": "3556198", "researchAndDevelopment": "362789", "operatingExpenses": "4538484", "investmentIncomeNet": "None", "netInterestIncome": "None", "interestIncome": "None", "interestExpense": "None", "nonInterestIncome": "None", "otherNonOperatingIncome": "None", "depreciation": "None", "depreciationAndAmortization": "660263", "incomeBeforeTax": "-1362874", "incomeTaxExpense": "342755", "interestAndDebtExpense": "None", "netIncomeFromContinuingOperations": "None", "comprehensiveIncomeNetOfTax": "None", "ebit": "-739976", "ebitda": "-79713", "netIncome": "-1664295"}, {"fiscalDateEnding": "2022-06-30", "reportedCurrency": "USD", "grossProfit": "866271", "totalRevenue": "10568215", "costOfRevenue": "9701944", "costofGoodsAndServicesSold": "9701944", "operatingIncome": "-6498565", "sellingGeneralAndAdministrative": "5083535", "researchAndDevelopment": "None", "operatingExpenses": "25451238", "investmentIncomeNet": "None", "netInterestIncome": "None", "interestIncome": "None", "interestExpense": "None", "nonInterestIncome": "None", "otherNonOperatingIncome": "None", "depreciation": "None", "depreciationAndAmortization": "258259", "incomeBeforeTax": "-25028123", "incomeTaxExpense": "81735", "interestAndDebtExpense": "None", "netIncomeFromContinuingOperations": "None", "comprehensiveIncomeNetOfTax": "None", "ebit": "-6498565", "ebitda": "-6240306", "netIncome": "-25049950"}, {"fiscalDateEnding": "2022-03-31", "reportedCurrency": "USD", "grossProfit": "866271", "totalRevenue": "10568215", "costOfRevenue": "9701944", "costofGoodsAndServicesSold": "9701944", "operatingIncome": "-6498565", "sellingGeneralAndAdministrative": "5083535", "researchAndDevelopment": "None", "operatingExpenses": "25451238", "investmentIncomeNet": "None", "netInterestIncome": "None", "interestIncome": "None", "interestExpense": "None", "nonInterestIncome": "None", "otherNonOperatingIncome": "None", "depreciation": "None", "depreciationAndAmortization": "258259", "incomeBeforeTax": "-25028123", "incomeTaxExpense": "81735", "interestAndDebtExpense": "None", "netIncomeFromContinuingOperations": "None", "comprehensiveIncomeNetOfTax": "None", "ebit": "-6498565", "ebitda": "-6240306", "netIncome": "-25049950"}, {"fiscalDateEnding": "2021-12-31", "reportedCurrency": "USD", "grossProfit": "866271", "totalRevenue": "10568215", "costOfRevenue": "9701944", "costofGoodsAndServicesSold": "9701944", "operatingIncome": "-6498565", "sellingGeneralAndAdministrative": "5083535", "researchAndDevelopment": "None", "operatingExpenses": "25451238", "investmentIncomeNet": "None", "netInterestIncome": "None", "interestIncome": "None", "interestExpense": "None", "nonInterestIncome": "None", "otherNonOperatingIncome": "None", "depreciation": "None", "depreciationAndAmortization": "258259", "incomeBeforeTax": "-25028123", "incomeTaxExpense": "81735", "interestAndDebtExpense": "None", "netIncomeFromContinuingOperations": "None", "comprehensiveIncomeNetOfTax": "None", "ebit": "-6498565", "ebitda": "-6240306", "netIncome": "-25049950"}, {"fiscalDateEnding": "2021-09-30", "reportedCurrency": "USD", "grossProfit": "2508891", "totalRevenue": "9576717", "costOfRevenue": "7067826", "costofGoodsAndServicesSold": "7067826", "operatingIncome": "-213687", "sellingGeneralAndAdministrative": "5201566", "researchAndDevelopment": "None", "operatingExpenses": "213687", "investmentIncomeNet": "None", "netInterestIncome": "None", "interestIncome": "None", "interestExpense": "None", "nonInterestIncome": "None", "otherNonOperatingIncome": "None", "depreciation": "None", "depreciationAndAmortization": "209050", "incomeBeforeTax": "4448550", "incomeTaxExpense": "103096", "interestAndDebtExpense": "None", "netIncomeFromContinuingOperations": "None", "comprehensiveIncomeNetOfTax": "None", "ebit": "-4351856", "ebitda": "4448550", "netIncome": "4448550"}, {"fiscalDateEnding": "2021-06-30", "reportedCurrency": "USD", "grossProfit": "2011986", "totalRevenue": "8175478", "costOfRevenue": "6163492", "costofGoodsAndServicesSold": "6163492", "operatingIncome": "-229107", "sellingGeneralAndAdministrative": "2970861", "researchAndDevelopment": "None", "operatingExpenses": "229107", "investmentIncomeNet": "None", "netInterestIncome": "None", "interestIncome": "None", "interestExpense": "None", "nonInterestIncome": "None", "otherNonOperatingIncome": "None", "depreciation": "None", "depreciationAndAmortization": "224781", "incomeBeforeTax": "-5484514", "incomeTaxExpense": "66906", "interestAndDebtExpense": "None", "netIncomeFromContinuingOperations": "None", "comprehensiveIncomeNetOfTax": "None", "ebit": "-2430183", "ebitda": "-5484514", "netIncome": "-5484514"}, {"fiscalDateEnding": "2021-03-31", "reportedCurrency": "USD", "grossProfit": "2011985", "totalRevenue": "8175478", "costOfRevenue": "6163493", "costofGoodsAndServicesSold": "6163493", "operatingIncome": "-208677", "sellingGeneralAndAdministrative": "2970861", "researchAndDevelopment": "None", "operatingExpenses": "208677", "investmentIncomeNet": "None", "netInterestIncome": "None", "interestIncome": "None", "interestExpense": "None", "nonInterestIncome": "None", "otherNonOperatingIncome": "None", "depreciation": "None", "depreciationAndAmortization": "224781", "incomeBeforeTax": "2514225", "incomeTaxExpense": "66906", "interestAndDebtExpense": "None", "netIncomeFromContinuingOperations": "None", "comprehensiveIncomeNetOfTax": "None", "ebit": "-2430183", "ebitda": "2514225", "netIncome": "2514225"}, {"fiscalDateEnding": "2020-12-31", "reportedCurrency": "None", "grossProfit": "2303497", "totalRevenue": "7981038", "costOfRevenue": "5677541", "costofGoodsAndServicesSold": "5677541", "operatingIncome": "-259851", "sellingGeneralAndAdministrative": "1195830", "researchAndDevelopment": "None", "operatingExpenses": "259851", "investmentIncomeNet": "None", "netInterestIncome": "None", "interestIncome": "None", "interestExpense": "None", "nonInterestIncome": "None", "otherNonOperatingIncome": "None", "depreciation": "None", "depreciationAndAmortization": "199318", "incomeBeforeTax": "-7794483", "incomeTaxExpense": "43817", "interestAndDebtExpense": "None", "netIncomeFromContinuingOperations": "None", "comprehensiveIncomeNetOfTax": "None", "ebit": "-158277", "ebitda": "-7794483", "netIncome": "-7794483"}, {"fiscalDateEnding": "2020-09-30", "reportedCurrency": "None", "grossProfit": "2303497", "totalRevenue": "7981038", "costOfRevenue": "5677541", "costofGoodsAndServicesSold": "5677541", "operatingIncome": "-314875", "sellingGeneralAndAdministrative": "1195830", "researchAndDevelopment": "None", "operatingExpenses": "314875", "investmentIncomeNet": "None", "netInterestIncome": "None", "interestIncome": "None", "interestExpense": "None", "nonInterestIncome": "None", "otherNonOperatingIncome": "None", "depreciation": "None", "depreciationAndAmortization": "199318", "incomeBeforeTax": "8737710", "incomeTaxExpense": "43817", "interestAndDebtExpense": "None", "netIncomeFromContinuingOperations": "None", "comprehensiveIncomeNetOfTax": "None", "ebit": "-158277", "ebitda": "8737709", "netIncome": "8737710"}, {"fiscalDateEnding": "2020-06-30", "reportedCurrency": "USD", "grossProfit": "1782421", "totalRevenue": "7278140", "costOfRevenue": "5495719", "costofGoodsAndServicesSold": "5495719", "operatingIncome": "-1115879", "sellingGeneralAndAdministrative": "1460665", "researchAndDevelopment": "None", "operatingExpenses": "3306548", "investmentIncomeNet": "None", "netInterestIncome": "None", "interestIncome": "None", "interestExpense": "None", "nonInterestIncome": "None", "otherNonOperatingIncome": "None", "depreciation": "None", "depreciationAndAmortization": "187687", "incomeBeforeTax": "-1562786", "incomeTaxExpense": "206802", "interestAndDebtExpense": "None", "netIncomeFromContinuingOperations": "None", "comprehensiveIncomeNetOfTax": "None", "ebit": "-1115879", "ebitda": "-928192", "netIncome": "-1741410"}, {"fiscalDateEnding": "2020-03-31", "reportedCurrency": "USD", "grossProfit": "1782420", "totalRevenue": "7278140", "costOfRevenue": "5495720", "costofGoodsAndServicesSold": "5495720", "operatingIncome": "-1115880", "sellingGeneralAndAdministrative": "1460666", "researchAndDevelopment": "None", "operatingExpenses": "3306548", "investmentIncomeNet": "None", "netInterestIncome": "None", "interestIncome": "None", "interestExpense": "None", "nonInterestIncome": "None", "otherNonOperatingIncome": "None", "depreciation": "None", "depreciationAndAmortization": "187688", "incomeBeforeTax": "-1562786", "incomeTaxExpense": "206802", "interestAndDebtExpense": "None", "netIncomeFromContinuingOperations": "None", "comprehensiveIncomeNetOfTax": "None", "ebit": "-1115880", "ebitda": "-928192", "netIncome": "-1741411"}]}