{"symbol": "MPC", "annualReports": [{"fiscalDateEnding": "2025-12-31", "reportedCurrency": "None", "grossProfit": "9845000000", "totalRevenue": "132542000000", "costOfRevenue": "122697000000", "costofGoodsAndServicesSold": "122697000000", "operatingIncome": "6496000000", "sellingGeneralAndAdministrative": "None", "researchAndDevelopment": "None", "operatingExpenses": "3349000000", "investmentIncomeNet": "None", "netInterestIncome": "None", "interestIncome": "None", "interestExpense": "1276000000", "nonInterestIncome": "None", "otherNonOperatingIncome": "None", "depreciation": "None", "depreciationAndAmortization": "3251000000", "incomeBeforeTax": "7015000000", "incomeTaxExpense": "1137000000", "interestAndDebtExpense": "None", "netIncomeFromContinuingOperations": "None", "comprehensiveIncomeNetOfTax": "None", "ebit": "8291000000", "ebitda": "11542000000", "netIncome": "4047000000"}, {"fiscalDateEnding": "2024-12-31", "reportedCurrency": "USD", "grossProfit": "9287000000", "totalRevenue": "138864000000", "costOfRevenue": "129577000000", "costofGoodsAndServicesSold": "129577000000", "operatingIncome": "5248000000", "sellingGeneralAndAdministrative": "3221000000", "researchAndDevelopment": "None", "operatingExpenses": "4039000000", "investmentIncomeNet": "None", "netInterestIncome": "-839000000", "interestIncome": "505000000", "interestExpense": "1344000000", "nonInterestIncome": "None", "otherNonOperatingIncome": "None", "depreciation": "None", "depreciationAndAmortization": "3337000000", "incomeBeforeTax": "5957000000", "incomeTaxExpense": "890000000", "interestAndDebtExpense": "None", "netIncomeFromContinuingOperations": "5067000000", "comprehensiveIncomeNetOfTax": "None", "ebit": "7265000000", "ebitda": "10602000000", "netIncome": "3445000000"}, {"fiscalDateEnding": "2023-12-31", "reportedCurrency": "USD", "grossProfit": "16506000000", "totalRevenue": "148379000000", "costOfRevenue": "131873000000", "costofGoodsAndServicesSold": "131873000000", "operatingIncome": "12586000000", "sellingGeneralAndAdministrative": "3039000000", "researchAndDevelopment": "None", "operatingExpenses": "3920000000", "investmentIncomeNet": "None", "netInterestIncome": "-663000000", "interestIncome": "520000000", "interestExpense": "1277000000", "nonInterestIncome": "None", "otherNonOperatingIncome": "None", "depreciation": "None", "depreciationAndAmortization": "3307000000", "incomeBeforeTax": "13989000000", "incomeTaxExpense": "2817000000", "interestAndDebtExpense": "None", "netIncomeFromContinuingOperations": "12864000000", "comprehensiveIncomeNetOfTax": "None", "ebit": "15254000000", "ebitda": "18561000000", "netIncome": "9681000000"}, {"fiscalDateEnding": "2022-12-31", "reportedCurrency": "USD", "grossProfit": "22567000000", "totalRevenue": "177453000000", "costOfRevenue": "154886000000", "costofGoodsAndServicesSold": "154886000000", "operatingIncome": "21469000000", "sellingGeneralAndAdministrative": "2772000000", "researchAndDevelopment": "None", "operatingExpenses": "1098000000", "investmentIncomeNet": "None", "netInterestIncome": "-1000000000", "interestIncome": "1004000000", "interestExpense": "1216000000", "nonInterestIncome": "None", "otherNonOperatingIncome": "None", "depreciation": "None", "depreciationAndAmortization": "3215000000", "incomeBeforeTax": "20469000000", "incomeTaxExpense": "4491000000", "interestAndDebtExpense": "None", "netIncomeFromContinuingOperations": "15978000000", "comprehensiveIncomeNetOfTax": "None", "ebit": "21667000000", "ebitda": "24882000000", "netIncome": "14516000000"}, {"fiscalDateEnding": "2021-12-31", "reportedCurrency": "USD", "grossProfit": "6611000000", "totalRevenue": "119983000000", "costOfRevenue": "113372000000", "costofGoodsAndServicesSold": "113372000000", "operatingIncome": "4300000000", "sellingGeneralAndAdministrative": "2537000000", "researchAndDevelopment": "None", "operatingExpenses": "2311000000", "investmentIncomeNet": "None", "netInterestIncome": "-1483000000", "interestIncome": "1483000000", "interestExpense": "1300000000", "nonInterestIncome": "None", "otherNonOperatingIncome": "None", "depreciation": "None", "depreciationAndAmortization": "3364000000", "incomeBeforeTax": "2817000000", "incomeTaxExpense": "264000000", "interestAndDebtExpense": "None", "netIncomeFromContinuingOperations": "2553000000", "comprehensiveIncomeNetOfTax": "None", "ebit": "4084000000", "ebitda": "7448000000", "netIncome": "9738000000"}, {"fiscalDateEnding": "2020-12-31", "reportedCurrency": "USD", "grossProfit": "671000000", "totalRevenue": "69779000000", "costOfRevenue": "69108000000", "costofGoodsAndServicesSold": "69108000000", "operatingIncome": "-12247000000", "sellingGeneralAndAdministrative": "2710000000", "researchAndDevelopment": "None", "operatingExpenses": "12918000000", "investmentIncomeNet": "None", "netInterestIncome": "-1365000000", "interestIncome": "1365000000", "interestExpense": "1372000000", "nonInterestIncome": "None", "otherNonOperatingIncome": "None", "depreciation": "None", "depreciationAndAmortization": "3375000000", "incomeBeforeTax": "-13612000000", "incomeTaxExpense": "-2430000000", "interestAndDebtExpense": "None", "netIncomeFromContinuingOperations": "-11182000000", "comprehensiveIncomeNetOfTax": "None", "ebit": "-12279000000", "ebitda": "-8904000000", "netIncome": "-9826000000"}, {"fiscalDateEnding": "2019-12-31", "reportedCurrency": "USD", "grossProfit": "8695000000", "totalRevenue": "111148000000", "costOfRevenue": "102453000000", "costofGoodsAndServicesSold": "102453000000", "operatingIncome": "4462000000", "sellingGeneralAndAdministrative": "3192000000", "researchAndDevelopment": "None", "operatingExpenses": "4233000000", "investmentIncomeNet": "None", "netInterestIncome": "-1244000000", "interestIncome": "40000000", "interestExpense": "1265000000", "nonInterestIncome": "None", "otherNonOperatingIncome": "None", "depreciation": "None", "depreciationAndAmortization": "3225000000", "incomeBeforeTax": "3233000000", "incomeTaxExpense": "784000000", "interestAndDebtExpense": "None", "netIncomeFromContinuingOperations": "3255000000", "comprehensiveIncomeNetOfTax": "None", "ebit": "4464000000", "ebitda": "7689000000", "netIncome": "2637000000"}, {"fiscalDateEnding": "2018-12-31", "reportedCurrency": "USD", "grossProfit": "6869000000", "totalRevenue": "86086000000", "costOfRevenue": "79217000000", "costofGoodsAndServicesSold": "79217000000", "operatingIncome": "4690000000", "sellingGeneralAndAdministrative": "2276000000", "researchAndDevelopment": "0", "operatingExpenses": "2179000000", "investmentIncomeNet": "None", "netInterestIncome": "-886000000", "interestIncome": "87000000", "interestExpense": "973000000", "nonInterestIncome": "None", "otherNonOperatingIncome": "None", "depreciation": "None", "depreciationAndAmortization": "2170000000", "incomeBeforeTax": "3697000000", "incomeTaxExpense": "764000000", "interestAndDebtExpense": "None", "netIncomeFromContinuingOperations": "3606000000", "comprehensiveIncomeNetOfTax": "None", "ebit": "4642000000", "ebitda": "6812000000", "netIncome": "2780000000"}, {"fiscalDateEnding": "2017-12-31", "reportedCurrency": "USD", "grossProfit": "5530000000", "totalRevenue": "74733000000", "costOfRevenue": "69203000000", "costofGoodsAndServicesSold": "69203000000", "operatingIncome": "4018000000", "sellingGeneralAndAdministrative": "1694000000", "researchAndDevelopment": "0", "operatingExpenses": "1512000000", "investmentIncomeNet": "None", "netInterestIncome": "-625000000", "interestIncome": "27000000", "interestExpense": "652000000", "nonInterestIncome": "None", "otherNonOperatingIncome": "None", "depreciation": "None", "depreciationAndAmortization": "2114000000", "incomeBeforeTax": "3344000000", "incomeTaxExpense": "-460000000", "interestAndDebtExpense": "None", "netIncomeFromContinuingOperations": "3804000000", "comprehensiveIncomeNetOfTax": "None", "ebit": "3969000000", "ebitda": "6083000000", "netIncome": "3432000000"}, {"fiscalDateEnding": "2016-12-31", "reportedCurrency": "USD", "grossProfit": "4523000000", "totalRevenue": "63339000000", "costOfRevenue": "58816000000", "costofGoodsAndServicesSold": "58816000000", "operatingIncome": "2386000000", "sellingGeneralAndAdministrative": "1597000000", "researchAndDevelopment": "0", "operatingExpenses": "2137000000", "investmentIncomeNet": "None", "netInterestIncome": "-556000000", "interestIncome": "6000000", "interestExpense": "562000000", "nonInterestIncome": "None", "otherNonOperatingIncome": "None", "depreciation": "None", "depreciationAndAmortization": "2001000000", "incomeBeforeTax": "1822000000", "incomeTaxExpense": "609000000", "interestAndDebtExpense": "None", "netIncomeFromContinuingOperations": "1213000000", "comprehensiveIncomeNetOfTax": "None", "ebit": "2360000000", "ebitda": "4361000000", "netIncome": "1174000000"}, {"fiscalDateEnding": "2015-12-31", "reportedCurrency": "USD", "grossProfit": "14288000000", "totalRevenue": "72051000000", "costOfRevenue": "57763000000", "costofGoodsAndServicesSold": "57763000000", "operatingIncome": "4692000000", "sellingGeneralAndAdministrative": "1576000000", "researchAndDevelopment": "0", "operatingExpenses": "9596000000", "investmentIncomeNet": "None", "netInterestIncome": "None", "interestIncome": "288000000", "interestExpense": "319000000", "nonInterestIncome": "None", "otherNonOperatingIncome": "None", "depreciation": "None", "depreciationAndAmortization": "1502000000", "incomeBeforeTax": "4374000000", "incomeTaxExpense": "1506000000", "interestAndDebtExpense": "None", "netIncomeFromContinuingOperations": "2868000000", "comprehensiveIncomeNetOfTax": "None", "ebit": "4662000000", "ebitda": "6164000000", "netIncome": "2852000000"}, {"fiscalDateEnding": "2014-12-31", "reportedCurrency": "USD", "grossProfit": "12216000000", "totalRevenue": "97817000000", "costOfRevenue": "85601000000", "costofGoodsAndServicesSold": "85601000000", "operatingIncome": "4051000000", "sellingGeneralAndAdministrative": "1375000000", "researchAndDevelopment": "0", "operatingExpenses": "8165000000", "investmentIncomeNet": "None", "netInterestIncome": "None", "interestIncome": "None", "interestExpense": "223000000", "nonInterestIncome": "None", "otherNonOperatingIncome": "None", "depreciation": "None", "depreciationAndAmortization": "1326000000", "incomeBeforeTax": "3835000000", "incomeTaxExpense": "1280000000", "interestAndDebtExpense": "None", "netIncomeFromContinuingOperations": "2555000000", "comprehensiveIncomeNetOfTax": "None", "ebit": "4037000000", "ebitda": "5363000000", "netIncome": "2524000000"}, {"fiscalDateEnding": "2013-12-31", "reportedCurrency": "USD", "grossProfit": "11182000000", "totalRevenue": "100160000000", "costOfRevenue": "88978000000", "costofGoodsAndServicesSold": "88978000000", "operatingIncome": "3425000000", "sellingGeneralAndAdministrative": "1248000000", "researchAndDevelopment": "0", "operatingExpenses": "7757000000", "investmentIncomeNet": "None", "netInterestIncome": "None", "interestIncome": "None", "interestExpense": "188000000", "nonInterestIncome": "None", "otherNonOperatingIncome": "-179000000", "depreciation": "None", "depreciationAndAmortization": "1220000000", "incomeBeforeTax": "3246000000", "incomeTaxExpense": "1113000000", "interestAndDebtExpense": "None", "netIncomeFromContinuingOperations": "2133000000", "comprehensiveIncomeNetOfTax": "None", "ebit": "3413000000", "ebitda": "4633000000", "netIncome": "2112000000"}, {"fiscalDateEnding": "2012-12-31", "reportedCurrency": "USD", "grossProfit": "12300000000", "totalRevenue": "82243000000", "costOfRevenue": "69943000000", "costofGoodsAndServicesSold": "69943000000", "operatingIncome": "5347000000", "sellingGeneralAndAdministrative": "1223000000", "researchAndDevelopment": "0", "operatingExpenses": "6953000000", "investmentIncomeNet": "None", "netInterestIncome": "None", "interestIncome": "None", "interestExpense": "115000000", "nonInterestIncome": "None", "otherNonOperatingIncome": "-110000000", "depreciation": "None", "depreciationAndAmortization": "995000000", "incomeBeforeTax": "5238000000", "incomeTaxExpense": "1845000000", "interestAndDebtExpense": "None", "netIncomeFromContinuingOperations": "3393000000", "comprehensiveIncomeNetOfTax": "None", "ebit": "5328000000", "ebitda": "6323000000", "netIncome": "3389000000"}, {"fiscalDateEnding": "2011-12-31", "reportedCurrency": "USD", "grossProfit": "10036000000", "totalRevenue": "78638000000", "costOfRevenue": "68602000000", "costofGoodsAndServicesSold": "68602000000", "operatingIncome": "3745000000", "sellingGeneralAndAdministrative": "1059000000", "researchAndDevelopment": "0", "operatingExpenses": "6291000000", "investmentIncomeNet": "None", "netInterestIncome": "None", "interestIncome": "None", "interestExpense": "76000000", "nonInterestIncome": "None", "otherNonOperatingIncome": "1000000", "depreciation": "None", "depreciationAndAmortization": "891000000", "incomeBeforeTax": "3719000000", "incomeTaxExpense": "1330000000", "interestAndDebtExpense": "None", "netIncomeFromContinuingOperations": "2389000000", "comprehensiveIncomeNetOfTax": "None", "ebit": "3779000000", "ebitda": "4670000000", "netIncome": "2389000000"}, {"fiscalDateEnding": "2010-12-31", "reportedCurrency": "USD", "grossProfit": "7222000000", "totalRevenue": "62487000000", "costOfRevenue": "55265000000", "costofGoodsAndServicesSold": "55265000000", "operatingIncome": "1011000000", "sellingGeneralAndAdministrative": "874000000", "researchAndDevelopment": "None", "operatingExpenses": "6211000000", "investmentIncomeNet": "None", "netInterestIncome": "None", "interestIncome": "None", "interestExpense": "7000000", "nonInterestIncome": "None", "otherNonOperatingIncome": "None", "depreciation": "None", "depreciationAndAmortization": "941000000", "incomeBeforeTax": "1023000000", "incomeTaxExpense": "400000000", "interestAndDebtExpense": "None", "netIncomeFromContinuingOperations": "None", "comprehensiveIncomeNetOfTax": "None", "ebit": "1024000000", "ebitda": "1965000000", "netIncome": "623000000"}, {"fiscalDateEnding": "2009-12-31", "reportedCurrency": "USD", "grossProfit": "7319000000", "totalRevenue": "45639000000", "costOfRevenue": "38320000000", "costofGoodsAndServicesSold": "38320000000", "operatingIncome": "654000000", "sellingGeneralAndAdministrative": "842000000", "researchAndDevelopment": "None", "operatingExpenses": "6665000000", "investmentIncomeNet": "None", "netInterestIncome": "None", "interestIncome": "None", "interestExpense": "8000000", "nonInterestIncome": "None", "otherNonOperatingIncome": "None", "depreciation": "None", "depreciationAndAmortization": "670000000", "incomeBeforeTax": "685000000", "incomeTaxExpense": "236000000", "interestAndDebtExpense": "None", "netIncomeFromContinuingOperations": "None", "comprehensiveIncomeNetOfTax": "None", "ebit": "693000000", "ebitda": "1363000000", "netIncome": "449000000"}, {"fiscalDateEnding": "2008-12-31", "reportedCurrency": "USD", "grossProfit": "8731000000", "totalRevenue": "65258000000", "costOfRevenue": "56527000000", "costofGoodsAndServicesSold": "56527000000", "operatingIncome": "1855000000", "sellingGeneralAndAdministrative": "None", "researchAndDevelopment": "None", "operatingExpenses": "6876000000", "investmentIncomeNet": "None", "netInterestIncome": "None", "interestIncome": "None", "interestExpense": "8000000", "nonInterestIncome": "None", "otherNonOperatingIncome": "None", "depreciation": "None", "depreciationAndAmortization": "606000000", "incomeBeforeTax": "1885000000", "incomeTaxExpense": "670000000", "interestAndDebtExpense": "None", "netIncomeFromContinuingOperations": "None", "comprehensiveIncomeNetOfTax": "None", "ebit": "1893000000", "ebitda": "2499000000", "netIncome": "1215000000"}], "quarterlyReports": [{"fiscalDateEnding": "2025-12-31", "reportedCurrency": "None", "grossProfit": "3157000000", "totalRevenue": "32846000000", "costOfRevenue": "29689000000", "costofGoodsAndServicesSold": "29689000000", "operatingIncome": "2321000000", "sellingGeneralAndAdministrative": "None", "researchAndDevelopment": "None", "operatingExpenses": "836000000", "investmentIncomeNet": "None", "netInterestIncome": "None", "interestIncome": "None", "interestExpense": "343000000", "nonInterestIncome": "None", "otherNonOperatingIncome": "None", "depreciation": "None", "depreciationAndAmortization": "828000000", "incomeBeforeTax": "2351000000", "incomeTaxExpense": "372000000", "interestAndDebtExpense": "None", "netIncomeFromContinuingOperations": "None", "comprehensiveIncomeNetOfTax": "None", "ebit": "2694000000", "ebitda": "3522000000", "netIncome": "1535000000"}, {"fiscalDateEnding": "2025-09-30", "reportedCurrency": "USD", "grossProfit": "2768000000", "totalRevenue": "34809000000", "costOfRevenue": "32041000000", "costofGoodsAndServicesSold": "32041000000", "operatingIncome": "1673000000", "sellingGeneralAndAdministrative": "863000000", "researchAndDevelopment": "None", "operatingExpenses": "1095000000", "investmentIncomeNet": "None", "netInterestIncome": "-304000000", "interestIncome": "41000000", "interestExpense": "341000000", "nonInterestIncome": "None", "otherNonOperatingIncome": "None", "depreciation": "None", "depreciationAndAmortization": "841000000", "incomeBeforeTax": "2403000000", "incomeTaxExpense": "460000000", "interestAndDebtExpense": "None", "netIncomeFromContinuingOperations": "1943000000", "comprehensiveIncomeNetOfTax": "None", "ebit": "2744000000", "ebitda": "3585000000", "netIncome": "1370000000"}, {"fiscalDateEnding": "2025-06-30", "reportedCurrency": "USD", "grossProfit": "2985000000", "totalRevenue": "33799000000", "costOfRevenue": "30814000000", "costofGoodsAndServicesSold": "30814000000", "operatingIncome": "1895000000", "sellingGeneralAndAdministrative": "867000000", "researchAndDevelopment": "None", "operatingExpenses": "1090000000", "investmentIncomeNet": "None", "netInterestIncome": "-319000000", "interestIncome": "31000000", "interestExpense": "344000000", "nonInterestIncome": "None", "otherNonOperatingIncome": "None", "depreciation": "None", "depreciationAndAmortization": "789000000", "incomeBeforeTax": "1878000000", "incomeTaxExpense": "268000000", "interestAndDebtExpense": "None", "netIncomeFromContinuingOperations": "1610000000", "comprehensiveIncomeNetOfTax": "None", "ebit": "2221000000", "ebitda": "3010000000", "netIncome": "1216000000"}, {"fiscalDateEnding": "2025-03-31", "reportedCurrency": "USD", "grossProfit": "1364000000", "totalRevenue": "31517000000", "costOfRevenue": "30153000000", "costofGoodsAndServicesSold": "30153000000", "operatingIncome": "687000000", "sellingGeneralAndAdministrative": "783000000", "researchAndDevelopment": "None", "operatingExpenses": "677000000", "investmentIncomeNet": "None", "netInterestIncome": "-299000000", "interestIncome": "46000000", "interestExpense": "345000000", "nonInterestIncome": "None", "otherNonOperatingIncome": "None", "depreciation": "None", "depreciationAndAmortization": "793000000", "incomeBeforeTax": "383000000", "incomeTaxExpense": "37000000", "interestAndDebtExpense": "None", "netIncomeFromContinuingOperations": "346000000", "comprehensiveIncomeNetOfTax": "None", "ebit": "717000000", "ebitda": "1510000000", "netIncome": "-74000000"}, {"fiscalDateEnding": "2024-12-31", "reportedCurrency": "USD", "grossProfit": "1753000000", "totalRevenue": "33137000000", "costOfRevenue": "31384000000", "costofGoodsAndServicesSold": "31384000000", "operatingIncome": "812000000", "sellingGeneralAndAdministrative": "804000000", "researchAndDevelopment": "None", "operatingExpenses": "941000000", "investmentIncomeNet": "None", "netInterestIncome": "-245000000", "interestIncome": "197000000", "interestExpense": "322000000", "nonInterestIncome": "None", "otherNonOperatingIncome": "None", "depreciation": "None", "depreciationAndAmortization": "826000000", "incomeBeforeTax": "896000000", "incomeTaxExpense": "111000000", "interestAndDebtExpense": "None", "netIncomeFromContinuingOperations": "785000000", "comprehensiveIncomeNetOfTax": "None", "ebit": "1240000000", "ebitda": "2066000000", "netIncome": "371000000"}, {"fiscalDateEnding": "2024-09-30", "reportedCurrency": "USD", "grossProfit": "2117000000", "totalRevenue": "35107000000", "costOfRevenue": "32990000000", "costofGoodsAndServicesSold": "32990000000", "operatingIncome": "1349000000", "sellingGeneralAndAdministrative": "815000000", "researchAndDevelopment": "None", "operatingExpenses": "768000000", "investmentIncomeNet": "None", "netInterestIncome": "-229000000", "interestIncome": "102000000", "interestExpense": "351000000", "nonInterestIncome": "None", "otherNonOperatingIncome": "None", "depreciation": "None", "depreciationAndAmortization": "846000000", "incomeBeforeTax": "1128000000", "incomeTaxExpense": "113000000", "interestAndDebtExpense": "None", "netIncomeFromContinuingOperations": "1015000000", "comprehensiveIncomeNetOfTax": "None", "ebit": "1457000000", "ebitda": "2303000000", "netIncome": "622000000"}, {"fiscalDateEnding": "2024-06-30", "reportedCurrency": "USD", "grossProfit": "3131000000", "totalRevenue": "37914000000", "costOfRevenue": "34783000000", "costofGoodsAndServicesSold": "34783000000", "operatingIncome": "2522000000", "sellingGeneralAndAdministrative": "823000000", "researchAndDevelopment": "None", "operatingExpenses": "609000000", "investmentIncomeNet": "None", "netInterestIncome": "-205000000", "interestIncome": "136000000", "interestExpense": "341000000", "nonInterestIncome": "None", "otherNonOperatingIncome": "None", "depreciation": "None", "depreciationAndAmortization": "838000000", "incomeBeforeTax": "2328000000", "incomeTaxExpense": "373000000", "interestAndDebtExpense": "None", "netIncomeFromContinuingOperations": "1955000000", "comprehensiveIncomeNetOfTax": "None", "ebit": "2656000000", "ebitda": "3494000000", "netIncome": "1515000000"}, {"fiscalDateEnding": "2024-03-31", "reportedCurrency": "USD", "grossProfit": "2286000000", "totalRevenue": "32706000000", "costOfRevenue": "30420000000", "costofGoodsAndServicesSold": "30420000000", "operatingIncome": "1784000000", "sellingGeneralAndAdministrative": "779000000", "researchAndDevelopment": "None", "operatingExpenses": "502000000", "investmentIncomeNet": "None", "netInterestIncome": "-179000000", "interestIncome": "101000000", "interestExpense": "330000000", "nonInterestIncome": "None", "otherNonOperatingIncome": "None", "depreciation": "None", "depreciationAndAmortization": "827000000", "incomeBeforeTax": "1605000000", "incomeTaxExpense": "293000000", "interestAndDebtExpense": "None", "netIncomeFromContinuingOperations": "1312000000", "comprehensiveIncomeNetOfTax": "None", "ebit": "1934000000", "ebitda": "2761000000", "netIncome": "937000000"}, {"fiscalDateEnding": "2023-12-31", "reportedCurrency": "USD", "grossProfit": "2845000000", "totalRevenue": "36255000000", "costOfRevenue": "33410000000", "costofGoodsAndServicesSold": "33410000000", "operatingIncome": "1827000000", "sellingGeneralAndAdministrative": "820000000", "researchAndDevelopment": "None", "operatingExpenses": "1018000000", "investmentIncomeNet": "None", "netInterestIncome": "-43000000", "interestIncome": "291000000", "interestExpense": "323000000", "nonInterestIncome": "None", "otherNonOperatingIncome": "None", "depreciation": "None", "depreciationAndAmortization": "828000000", "incomeBeforeTax": "2284000000", "incomeTaxExpense": "407000000", "interestAndDebtExpense": "None", "netIncomeFromContinuingOperations": "1877000000", "comprehensiveIncomeNetOfTax": "None", "ebit": "2602000000", "ebitda": "3430000000", "netIncome": "1451000000"}, {"fiscalDateEnding": "2023-09-30", "reportedCurrency": "USD", "grossProfit": "5144000000", "totalRevenue": "40917000000", "costOfRevenue": "35773000000", "costofGoodsAndServicesSold": "35773000000", "operatingIncome": "4753000000", "sellingGeneralAndAdministrative": "804000000", "researchAndDevelopment": "None", "operatingExpenses": "391000000", "investmentIncomeNet": "None", "netInterestIncome": "-118000000", "interestIncome": "138000000", "interestExpense": "320000000", "nonInterestIncome": "None", "otherNonOperatingIncome": "None", "depreciation": "None", "depreciationAndAmortization": "845000000", "incomeBeforeTax": "4635000000", "incomeTaxExpense": "1004000000", "interestAndDebtExpense": "None", "netIncomeFromContinuingOperations": "3631000000", "comprehensiveIncomeNetOfTax": "None", "ebit": "4955000000", "ebitda": "5800000000", "netIncome": "3280000000"}, {"fiscalDateEnding": "2023-06-30", "reportedCurrency": "USD", "grossProfit": "3747000000", "totalRevenue": "36343000000", "costOfRevenue": "32596000000", "costofGoodsAndServicesSold": "32596000000", "operatingIncome": "3305000000", "sellingGeneralAndAdministrative": "679000000", "researchAndDevelopment": "None", "operatingExpenses": "442000000", "investmentIncomeNet": "None", "netInterestIncome": "-142000000", "interestIncome": "142000000", "interestExpense": "317000000", "nonInterestIncome": "None", "otherNonOperatingIncome": "None", "depreciation": "None", "depreciationAndAmortization": "834000000", "incomeBeforeTax": "3163000000", "incomeTaxExpense": "583000000", "interestAndDebtExpense": "None", "netIncomeFromContinuingOperations": "2580000000", "comprehensiveIncomeNetOfTax": "None", "ebit": "3479000000", "ebitda": "4313000000", "netIncome": "2226000000"}, {"fiscalDateEnding": "2023-03-31", "reportedCurrency": "USD", "grossProfit": "4770000000", "totalRevenue": "34864000000", "costOfRevenue": "30094000000", "costofGoodsAndServicesSold": "30094000000", "operatingIncome": "4061000000", "sellingGeneralAndAdministrative": "668000000", "researchAndDevelopment": "None", "operatingExpenses": "709000000", "investmentIncomeNet": "None", "netInterestIncome": "-154000000", "interestIncome": "162000000", "interestExpense": "317000000", "nonInterestIncome": "None", "otherNonOperatingIncome": "None", "depreciation": "None", "depreciationAndAmortization": "800000000", "incomeBeforeTax": "3907000000", "incomeTaxExpense": "823000000", "interestAndDebtExpense": "None", "netIncomeFromContinuingOperations": "3084000000", "comprehensiveIncomeNetOfTax": "None", "ebit": "4218000000", "ebitda": "5018000000", "netIncome": "2724000000"}, {"fiscalDateEnding": "2022-12-31", "reportedCurrency": "USD", "grossProfit": "5441000000", "totalRevenue": "39813000000", "costOfRevenue": "34372000000", "costofGoodsAndServicesSold": "34372000000", "operatingIncome": "4739000000", "sellingGeneralAndAdministrative": "763000000", "researchAndDevelopment": "None", "operatingExpenses": "702000000", "investmentIncomeNet": "None", "netInterestIncome": "-186000000", "interestIncome": "197000000", "interestExpense": "324000000", "nonInterestIncome": "None", "otherNonOperatingIncome": "None", "depreciation": "None", "depreciationAndAmortization": "797000000", "incomeBeforeTax": "4553000000", "incomeTaxExpense": "984000000", "interestAndDebtExpense": "None", "netIncomeFromContinuingOperations": "3569000000", "comprehensiveIncomeNetOfTax": "None", "ebit": "4859000000", "ebitda": "5656000000", "netIncome": "3321000000"}, {"fiscalDateEnding": "2022-09-30", "reportedCurrency": "USD", "grossProfit": "6172000000", "totalRevenue": "45787000000", "costOfRevenue": "39615000000", "costofGoodsAndServicesSold": "39615000000", "operatingIncome": "6686000000", "sellingGeneralAndAdministrative": "705000000", "researchAndDevelopment": "None", "operatingExpenses": "-514000000", "investmentIncomeNet": "None", "netInterestIncome": "-247000000", "interestIncome": "244000000", "interestExpense": "306000000", "nonInterestIncome": "None", "otherNonOperatingIncome": "None", "depreciation": "None", "depreciationAndAmortization": "794000000", "incomeBeforeTax": "6446000000", "incomeTaxExpense": "1426000000", "interestAndDebtExpense": "None", "netIncomeFromContinuingOperations": "5020000000", "comprehensiveIncomeNetOfTax": "None", "ebit": "6749000000", "ebitda": "7543000000", "netIncome": "4477000000"}, {"fiscalDateEnding": "2022-06-30", "reportedCurrency": "USD", "grossProfit": "8769000000", "totalRevenue": "53795000000", "costOfRevenue": "45026000000", "costofGoodsAndServicesSold": "45026000000", "operatingIncome": "8328000000", "sellingGeneralAndAdministrative": "694000000", "researchAndDevelopment": "None", "operatingExpenses": "441000000", "investmentIncomeNet": "None", "netInterestIncome": "-312000000", "interestIncome": "18000000", "interestExpense": "298000000", "nonInterestIncome": "None", "otherNonOperatingIncome": "None", "depreciation": "None", "depreciationAndAmortization": "819000000", "incomeBeforeTax": "8016000000", "incomeTaxExpense": "1799000000", "interestAndDebtExpense": "None", "netIncomeFromContinuingOperations": "6217000000", "comprehensiveIncomeNetOfTax": "None", "ebit": "8315000000", "ebitda": "9134000000", "netIncome": "5873000000"}, {"fiscalDateEnding": "2022-03-31", "reportedCurrency": "USD", "grossProfit": "2185000000", "totalRevenue": "38058000000", "costOfRevenue": "35873000000", "costofGoodsAndServicesSold": "35873000000", "operatingIncome": "1716000000", "sellingGeneralAndAdministrative": "582000000", "researchAndDevelopment": "None", "operatingExpenses": "469000000", "investmentIncomeNet": "None", "netInterestIncome": "-283000000", "interestIncome": "5000000", "interestExpense": "288000000", "nonInterestIncome": "None", "otherNonOperatingIncome": "None", "depreciation": "None", "depreciationAndAmortization": "805000000", "incomeBeforeTax": "1454000000", "incomeTaxExpense": "282000000", "interestAndDebtExpense": "None", "netIncomeFromContinuingOperations": "1172000000", "comprehensiveIncomeNetOfTax": "None", "ebit": "1741000000", "ebitda": "2546000000", "netIncome": "845000000"}, {"fiscalDateEnding": "2021-12-31", "reportedCurrency": "USD", "grossProfit": "2339000000", "totalRevenue": "35336000000", "costOfRevenue": "32997000000", "costofGoodsAndServicesSold": "32997000000", "operatingIncome": "1778000000", "sellingGeneralAndAdministrative": "656000000", "researchAndDevelopment": "None", "operatingExpenses": "561000000", "investmentIncomeNet": "None", "netInterestIncome": "-430000000", "interestIncome": "430000000", "interestExpense": "305000000", "nonInterestIncome": "None", "otherNonOperatingIncome": "None", "depreciation": "None", "depreciationAndAmortization": "813000000", "incomeBeforeTax": "1348000000", "incomeTaxExpense": "243000000", "interestAndDebtExpense": "None", "netIncomeFromContinuingOperations": "1105000000", "comprehensiveIncomeNetOfTax": "None", "ebit": "1650000000", "ebitda": "2463000000", "netIncome": "774000000"}, {"fiscalDateEnding": "2021-09-30", "reportedCurrency": "USD", "grossProfit": "1922000000", "totalRevenue": "32321000000", "costOfRevenue": "30399000000", "costofGoodsAndServicesSold": "30399000000", "operatingIncome": "1340000000", "sellingGeneralAndAdministrative": "681000000", "researchAndDevelopment": "None", "operatingExpenses": "582000000", "investmentIncomeNet": "None", "netInterestIncome": "-328000000", "interestIncome": "5000000", "interestExpense": "323000000", "nonInterestIncome": "None", "otherNonOperatingIncome": "None", "depreciation": "None", "depreciationAndAmortization": "836000000", "incomeBeforeTax": "1012000000", "incomeTaxExpense": "-18000000", "interestAndDebtExpense": "None", "netIncomeFromContinuingOperations": "1030000000", "comprehensiveIncomeNetOfTax": "None", "ebit": "1325000000", "ebitda": "2161000000", "netIncome": "694000000"}, {"fiscalDateEnding": "2021-06-30", "reportedCurrency": "USD", "grossProfit": "1567000000", "totalRevenue": "29615000000", "costOfRevenue": "28048000000", "costofGoodsAndServicesSold": "28048000000", "operatingIncome": "965000000", "sellingGeneralAndAdministrative": "625000000", "researchAndDevelopment": "None", "operatingExpenses": "602000000", "investmentIncomeNet": "None", "netInterestIncome": "-372000000", "interestIncome": "2000000", "interestExpense": "318000000", "nonInterestIncome": "None", "otherNonOperatingIncome": "None", "depreciation": "None", "depreciationAndAmortization": "871000000", "incomeBeforeTax": "593000000", "incomeTaxExpense": "5000000", "interestAndDebtExpense": "None", "netIncomeFromContinuingOperations": "588000000", "comprehensiveIncomeNetOfTax": "None", "ebit": "911000000", "ebitda": "1782000000", "netIncome": "8512000000"}, {"fiscalDateEnding": "2021-03-31", "reportedCurrency": "USD", "grossProfit": "783000000", "totalRevenue": "22711000000", "costOfRevenue": "21928000000", "costofGoodsAndServicesSold": "21928000000", "operatingIncome": "217000000", "sellingGeneralAndAdministrative": "575000000", "researchAndDevelopment": "None", "operatingExpenses": "566000000", "investmentIncomeNet": "None", "netInterestIncome": "-353000000", "interestIncome": "353000000", "interestExpense": "354000000", "nonInterestIncome": "None", "otherNonOperatingIncome": "None", "depreciation": "None", "depreciationAndAmortization": "844000000", "incomeBeforeTax": "-136000000", "incomeTaxExpense": "34000000", "interestAndDebtExpense": "None", "netIncomeFromContinuingOperations": "-170000000", "comprehensiveIncomeNetOfTax": "None", "ebit": "198000000", "ebitda": "1042000000", "netIncome": "-242000000"}, {"fiscalDateEnding": "2020-12-31", "reportedCurrency": "USD", "grossProfit": "1092000000", "totalRevenue": "17972000000", "costOfRevenue": "16880000000", "costofGoodsAndServicesSold": "16880000000", "operatingIncome": "340000000", "sellingGeneralAndAdministrative": "630000000", "researchAndDevelopment": "None", "operatingExpenses": "752000000", "investmentIncomeNet": "None", "netInterestIncome": "-333000000", "interestIncome": "333000000", "interestExpense": "333000000", "nonInterestIncome": "None", "otherNonOperatingIncome": "None", "depreciation": "None", "depreciationAndAmortization": "849000000", "incomeBeforeTax": "57000000", "incomeTaxExpense": "-193000000", "interestAndDebtExpense": "None", "netIncomeFromContinuingOperations": "-260000000", "comprehensiveIncomeNetOfTax": "None", "ebit": "391000000", "ebitda": "1240000000", "netIncome": "285000000"}, {"fiscalDateEnding": "2020-09-30", "reportedCurrency": "USD", "grossProfit": "435000000", "totalRevenue": "17408000000", "costOfRevenue": "16973000000", "costofGoodsAndServicesSold": "16973000000", "operatingIncome": "-1057000000", "sellingGeneralAndAdministrative": "673000000", "researchAndDevelopment": "None", "operatingExpenses": "1492000000", "investmentIncomeNet": "None", "netInterestIncome": "-359000000", "interestIncome": "343000000", "interestExpense": "354000000", "nonInterestIncome": "None", "otherNonOperatingIncome": "None", "depreciation": "None", "depreciationAndAmortization": "830000000", "incomeBeforeTax": "-1416000000", "incomeTaxExpense": "-436000000", "interestAndDebtExpense": "None", "netIncomeFromContinuingOperations": "-980000000", "comprehensiveIncomeNetOfTax": "None", "ebit": "-1072000000", "ebitda": "-242000000", "netIncome": "-886000000"}, {"fiscalDateEnding": "2020-06-30", "reportedCurrency": "USD", "grossProfit": "1330000000", "totalRevenue": "12195000000", "costOfRevenue": "10865000000", "costofGoodsAndServicesSold": "10865000000", "operatingIncome": "575000000", "sellingGeneralAndAdministrative": "664000000", "researchAndDevelopment": "None", "operatingExpenses": "755000000", "investmentIncomeNet": "None", "netInterestIncome": "-345000000", "interestIncome": "2000000", "interestExpense": "344000000", "nonInterestIncome": "None", "otherNonOperatingIncome": "None", "depreciation": "None", "depreciationAndAmortization": "833000000", "incomeBeforeTax": "234000000", "incomeTaxExpense": "150000000", "interestAndDebtExpense": "None", "netIncomeFromContinuingOperations": "276000000", "comprehensiveIncomeNetOfTax": "None", "ebit": "571000000", "ebitda": "1404000000", "netIncome": "9000000"}, {"fiscalDateEnding": "2020-03-31", "reportedCurrency": "USD", "grossProfit": "-2186000000", "totalRevenue": "22204000000", "costOfRevenue": "24390000000", "costofGoodsAndServicesSold": "24390000000", "operatingIncome": "-12155000000", "sellingGeneralAndAdministrative": "739000000", "researchAndDevelopment": "None", "operatingExpenses": "9969000000", "investmentIncomeNet": "None", "netInterestIncome": "-341000000", "interestIncome": "6000000", "interestExpense": "341000000", "nonInterestIncome": "None", "otherNonOperatingIncome": "None", "depreciation": "None", "depreciationAndAmortization": "863000000", "incomeBeforeTax": "-12487000000", "incomeTaxExpense": "-1951000000", "interestAndDebtExpense": "None", "netIncomeFromContinuingOperations": "-10218000000", "comprehensiveIncomeNetOfTax": "None", "ebit": "-12169000000", "ebitda": "-11306000000", "netIncome": "-9234000000"}, {"fiscalDateEnding": "2019-12-31", "reportedCurrency": "USD", "grossProfit": "2813000000", "totalRevenue": "31092000000", "costOfRevenue": "28279000000", "costofGoodsAndServicesSold": "28279000000", "operatingIncome": "841000000", "sellingGeneralAndAdministrative": "790000000", "researchAndDevelopment": "None", "operatingExpenses": "1972000000", "investmentIncomeNet": "None", "netInterestIncome": "-305000000", "interestIncome": "10000000", "interestExpense": "309000000", "nonInterestIncome": "None", "otherNonOperatingIncome": "None", "depreciation": "None", "depreciationAndAmortization": "978000000", "incomeBeforeTax": "539000000", "incomeTaxExpense": "277000000", "interestAndDebtExpense": "None", "netIncomeFromContinuingOperations": "262000000", "comprehensiveIncomeNetOfTax": "None", "ebit": "847000000", "ebitda": "1825000000", "netIncome": "443000000"}, {"fiscalDateEnding": "2019-09-30", "reportedCurrency": "USD", "grossProfit": "2446000000", "totalRevenue": "27552000000", "costOfRevenue": "25106000000", "costofGoodsAndServicesSold": "25106000000", "operatingIncome": "2024000000", "sellingGeneralAndAdministrative": "761000000", "researchAndDevelopment": "None", "operatingExpenses": "422000000", "investmentIncomeNet": "None", "netInterestIncome": "-311000000", "interestIncome": "12000000", "interestExpense": "318000000", "nonInterestIncome": "None", "otherNonOperatingIncome": "None", "depreciation": "None", "depreciationAndAmortization": "570000000", "incomeBeforeTax": "1368000000", "incomeTaxExpense": "255000000", "interestAndDebtExpense": "None", "netIncomeFromContinuingOperations": "1367000000", "comprehensiveIncomeNetOfTax": "None", "ebit": "1673000000", "ebitda": "2243000000", "netIncome": "1095000000"}, {"fiscalDateEnding": "2019-06-30", "reportedCurrency": "USD", "grossProfit": "2961000000", "totalRevenue": "33529000000", "costOfRevenue": "30568000000", "costofGoodsAndServicesSold": "30568000000", "operatingIncome": "2042000000", "sellingGeneralAndAdministrative": "886000000", "researchAndDevelopment": "None", "operatingExpenses": "919000000", "investmentIncomeNet": "None", "netInterestIncome": "-319000000", "interestIncome": "9000000", "interestExpense": "328000000", "nonInterestIncome": "None", "otherNonOperatingIncome": "None", "depreciation": "None", "depreciationAndAmortization": "886000000", "incomeBeforeTax": "1720000000", "incomeTaxExpense": "353000000", "interestAndDebtExpense": "None", "netIncomeFromContinuingOperations": "1367000000", "comprehensiveIncomeNetOfTax": "None", "ebit": "2035000000", "ebitda": "2921000000", "netIncome": "1106000000"}, {"fiscalDateEnding": "2019-03-31", "reportedCurrency": "USD", "grossProfit": "1374000000", "totalRevenue": "28253000000", "costOfRevenue": "26879000000", "costofGoodsAndServicesSold": "26879000000", "operatingIncome": "669000000", "sellingGeneralAndAdministrative": "867000000", "researchAndDevelopment": "None", "operatingExpenses": "705000000", "investmentIncomeNet": "None", "netInterestIncome": "-309000000", "interestIncome": "299000000", "interestExpense": "318000000", "nonInterestIncome": "None", "otherNonOperatingIncome": "None", "depreciation": "None", "depreciationAndAmortization": "919000000", "incomeBeforeTax": "363000000", "incomeTaxExpense": "104000000", "interestAndDebtExpense": "None", "netIncomeFromContinuingOperations": "259000000", "comprehensiveIncomeNetOfTax": "None", "ebit": "671000000", "ebitda": "1590000000", "netIncome": "-7000000"}, {"fiscalDateEnding": "2018-12-31", "reportedCurrency": "USD", "grossProfit": "3165000000", "totalRevenue": "32333000000", "costOfRevenue": "29168000000", "costofGoodsAndServicesSold": "29168000000", "operatingIncome": "2017000000", "sellingGeneralAndAdministrative": "1147000000", "researchAndDevelopment": "0", "operatingExpenses": "1148000000", "investmentIncomeNet": "None", "netInterestIncome": "None", "interestIncome": "None", "interestExpense": "335000000", "nonInterestIncome": "None", "otherNonOperatingIncome": "None", "depreciation": "None", "depreciationAndAmortization": "874000000", "incomeBeforeTax": "1632000000", "incomeTaxExpense": "437000000", "interestAndDebtExpense": "None", "netIncomeFromContinuingOperations": "1195000000", "comprehensiveIncomeNetOfTax": "None", "ebit": "1958000000", "ebitda": "2832000000", "netIncome": "951000000"}, {"fiscalDateEnding": "2018-09-30", "reportedCurrency": "USD", "grossProfit": "1827000000", "totalRevenue": "22988000000", "costOfRevenue": "21161000000", "costofGoodsAndServicesSold": "21161000000", "operatingIncome": "1403000000", "sellingGeneralAndAdministrative": "445000000", "researchAndDevelopment": "0", "operatingExpenses": "424000000", "investmentIncomeNet": "None", "netInterestIncome": "None", "interestIncome": "None", "interestExpense": "221000000", "nonInterestIncome": "None", "otherNonOperatingIncome": "None", "depreciation": "None", "depreciationAndAmortization": "555000000", "incomeBeforeTax": "1163000000", "incomeTaxExpense": "222000000", "interestAndDebtExpense": "None", "netIncomeFromContinuingOperations": "941000000", "comprehensiveIncomeNetOfTax": "None", "ebit": "1375000000", "ebitda": "1930000000", "netIncome": "737000000"}, {"fiscalDateEnding": "2018-06-30", "reportedCurrency": "USD", "grossProfit": "2129000000", "totalRevenue": "22317000000", "costOfRevenue": "20188000000", "costofGoodsAndServicesSold": "20188000000", "operatingIncome": "1711000000", "sellingGeneralAndAdministrative": "424000000", "researchAndDevelopment": "0", "operatingExpenses": "418000000", "investmentIncomeNet": "None", "netInterestIncome": "None", "interestIncome": "None", "interestExpense": "220000000", "nonInterestIncome": "None", "otherNonOperatingIncome": "None", "depreciation": "None", "depreciationAndAmortization": "533000000", "incomeBeforeTax": "1516000000", "incomeTaxExpense": "281000000", "interestAndDebtExpense": "None", "netIncomeFromContinuingOperations": "1235000000", "comprehensiveIncomeNetOfTax": "None", "ebit": "1729000000", "ebitda": "2262000000", "netIncome": "1055000000"}, {"fiscalDateEnding": "2018-03-31", "reportedCurrency": "USD", "grossProfit": "827000000", "totalRevenue": "18866000000", "costOfRevenue": "18039000000", "costofGoodsAndServicesSold": "18039000000", "operatingIncome": "440000000", "sellingGeneralAndAdministrative": "402000000", "researchAndDevelopment": "0", "operatingExpenses": "387000000", "investmentIncomeNet": "None", "netInterestIncome": "None", "interestIncome": "None", "interestExpense": "199000000", "nonInterestIncome": "None", "otherNonOperatingIncome": "None", "depreciation": "None", "depreciationAndAmortization": "528000000", "incomeBeforeTax": "257000000", "incomeTaxExpense": "22000000", "interestAndDebtExpense": "None", "netIncomeFromContinuingOperations": "235000000", "comprehensiveIncomeNetOfTax": "None", "ebit": "452000000", "ebitda": "980000000", "netIncome": "37000000"}, {"fiscalDateEnding": "2017-12-31", "reportedCurrency": "USD", "grossProfit": "3518000000", "totalRevenue": "21055000000", "costOfRevenue": "17537000000", "costofGoodsAndServicesSold": "17537000000", "operatingIncome": "1119000000", "sellingGeneralAndAdministrative": "457000000", "researchAndDevelopment": "0", "operatingExpenses": "2399000000", "investmentIncomeNet": "None", "netInterestIncome": "None", "interestIncome": "None", "interestExpense": "171000000", "nonInterestIncome": "None", "otherNonOperatingIncome": "None", "depreciation": "None", "depreciationAndAmortization": "540000000", "incomeBeforeTax": "959000000", "incomeTaxExpense": "-1166000000", "interestAndDebtExpense": "None", "netIncomeFromContinuingOperations": "2125000000", "comprehensiveIncomeNetOfTax": "None", "ebit": "1123000000", "ebitda": "1663000000", "netIncome": "2016000000"}, {"fiscalDateEnding": "2017-09-30", "reportedCurrency": "USD", "grossProfit": "1928000000", "totalRevenue": "19210000000", "costOfRevenue": "17282000000", "costofGoodsAndServicesSold": "17282000000", "operatingIncome": "1577000000", "sellingGeneralAndAdministrative": "411000000", "researchAndDevelopment": "0", "operatingExpenses": "351000000", "investmentIncomeNet": "None", "netInterestIncome": "None", "interestIncome": "None", "interestExpense": "164000000", "nonInterestIncome": "None", "otherNonOperatingIncome": "None", "depreciation": "None", "depreciationAndAmortization": "517000000", "incomeBeforeTax": "1419000000", "incomeTaxExpense": "415000000", "interestAndDebtExpense": "None", "netIncomeFromContinuingOperations": "1004000000", "comprehensiveIncomeNetOfTax": "None", "ebit": "1577000000", "ebitda": "2094000000", "netIncome": "903000000"}, {"fiscalDateEnding": "2017-06-30", "reportedCurrency": "USD", "grossProfit": "1408000000", "totalRevenue": "18180000000", "costOfRevenue": "16772000000", "costofGoodsAndServicesSold": "16772000000", "operatingIncome": "982000000", "sellingGeneralAndAdministrative": "485000000", "researchAndDevelopment": "0", "operatingExpenses": "426000000", "investmentIncomeNet": "None", "netInterestIncome": "None", "interestIncome": "None", "interestExpense": "162000000", "nonInterestIncome": "None", "otherNonOperatingIncome": "None", "depreciation": "None", "depreciationAndAmortization": "521000000", "incomeBeforeTax": "824000000", "incomeTaxExpense": "250000000", "interestAndDebtExpense": "None", "netIncomeFromContinuingOperations": "574000000", "comprehensiveIncomeNetOfTax": "None", "ebit": "979000000", "ebitda": "1500000000", "netIncome": "483000000"}, {"fiscalDateEnding": "2017-03-31", "reportedCurrency": "USD", "grossProfit": "684000000", "totalRevenue": "16288000000", "costOfRevenue": "15604000000", "costofGoodsAndServicesSold": "15604000000", "operatingIncome": "291000000", "sellingGeneralAndAdministrative": "390000000", "researchAndDevelopment": "0", "operatingExpenses": "393000000", "investmentIncomeNet": "None", "netInterestIncome": "None", "interestIncome": "None", "interestExpense": "155000000", "nonInterestIncome": "None", "otherNonOperatingIncome": "None", "depreciation": "None", "depreciationAndAmortization": "536000000", "incomeBeforeTax": "142000000", "incomeTaxExpense": "41000000", "interestAndDebtExpense": "None", "netIncomeFromContinuingOperations": "101000000", "comprehensiveIncomeNetOfTax": "None", "ebit": "290000000", "ebitda": "826000000", "netIncome": "30000000"}, {"fiscalDateEnding": "2016-12-31", "reportedCurrency": "USD", "grossProfit": "2806000000", "totalRevenue": "17155000000", "costOfRevenue": "14349000000", "costofGoodsAndServicesSold": "14349000000", "operatingIncome": "553000000", "sellingGeneralAndAdministrative": "406000000", "researchAndDevelopment": "0", "operatingExpenses": "2253000000", "investmentIncomeNet": "None", "netInterestIncome": "None", "interestIncome": "None", "interestExpense": "137000000", "nonInterestIncome": "None", "otherNonOperatingIncome": "None", "depreciation": "None", "depreciationAndAmortization": "504000000", "incomeBeforeTax": "417000000", "incomeTaxExpense": "128000000", "interestAndDebtExpense": "None", "netIncomeFromContinuingOperations": "289000000", "comprehensiveIncomeNetOfTax": "None", "ebit": "547000000", "ebitda": "1051000000", "netIncome": "227000000"}, {"fiscalDateEnding": "2016-09-30", "reportedCurrency": "USD", "grossProfit": "3039000000", "totalRevenue": "16618000000", "costOfRevenue": "13579000000", "costofGoodsAndServicesSold": "13579000000", "operatingIncome": "435000000", "sellingGeneralAndAdministrative": "420000000", "researchAndDevelopment": "0", "operatingExpenses": "2604000000", "investmentIncomeNet": "None", "netInterestIncome": "None", "interestIncome": "None", "interestExpense": "144000000", "nonInterestIncome": "None", "otherNonOperatingIncome": "None", "depreciation": "None", "depreciationAndAmortization": "507000000", "incomeBeforeTax": "294000000", "incomeTaxExpense": "75000000", "interestAndDebtExpense": "None", "netIncomeFromContinuingOperations": "219000000", "comprehensiveIncomeNetOfTax": "None", "ebit": "432000000", "ebitda": "939000000", "netIncome": "145000000"}, {"fiscalDateEnding": "2016-06-30", "reportedCurrency": "USD", "grossProfit": "3742000000", "totalRevenue": "16811000000", "costOfRevenue": "13069000000", "costofGoodsAndServicesSold": "13069000000", "operatingIncome": "1315000000", "sellingGeneralAndAdministrative": "401000000", "researchAndDevelopment": "0", "operatingExpenses": "2427000000", "investmentIncomeNet": "None", "netInterestIncome": "None", "interestIncome": "None", "interestExpense": "133000000", "nonInterestIncome": "None", "otherNonOperatingIncome": "None", "depreciation": "None", "depreciationAndAmortization": "500000000", "incomeBeforeTax": "1178000000", "incomeTaxExpense": "395000000", "interestAndDebtExpense": "None", "netIncomeFromContinuingOperations": "751000000", "comprehensiveIncomeNetOfTax": "None", "ebit": "1311000000", "ebitda": "1811000000", "netIncome": "801000000"}, {"fiscalDateEnding": "2016-03-31", "reportedCurrency": "USD", "grossProfit": "2442000000", "totalRevenue": "12755000000", "costOfRevenue": "10313000000", "costofGoodsAndServicesSold": "10313000000", "operatingIncome": "75000000", "sellingGeneralAndAdministrative": "378000000", "researchAndDevelopment": "0", "operatingExpenses": "2367000000", "investmentIncomeNet": "None", "netInterestIncome": "None", "interestIncome": "None", "interestExpense": "137000000", "nonInterestIncome": "None", "otherNonOperatingIncome": "None", "depreciation": "None", "depreciationAndAmortization": "490000000", "incomeBeforeTax": "-67000000", "incomeTaxExpense": "11000000", "interestAndDebtExpense": "None", "netIncomeFromContinuingOperations": "-78000000", "comprehensiveIncomeNetOfTax": "None", "ebit": "70000000", "ebitda": "560000000", "netIncome": "1000000"}, {"fiscalDateEnding": "2015-12-31", "reportedCurrency": "USD", "grossProfit": "2727000000", "totalRevenue": "15607000000", "costOfRevenue": "12880000000", "costofGoodsAndServicesSold": "12880000000", "operatingIncome": "338000000", "sellingGeneralAndAdministrative": "433000000", "researchAndDevelopment": "0", "operatingExpenses": "2389000000", "investmentIncomeNet": "None", "netInterestIncome": "None", "interestIncome": "None", "interestExpense": "89000000", "nonInterestIncome": "None", "otherNonOperatingIncome": "None", "depreciation": "None", "depreciationAndAmortization": "413000000", "incomeBeforeTax": "235000000", "incomeTaxExpense": "67000000", "interestAndDebtExpense": "None", "netIncomeFromContinuingOperations": "168000000", "comprehensiveIncomeNetOfTax": "None", "ebit": "324000000", "ebitda": "737000000", "netIncome": "187000000"}, {"fiscalDateEnding": "2015-09-30", "reportedCurrency": "USD", "grossProfit": "4126000000", "totalRevenue": "18716000000", "costOfRevenue": "14590000000", "costofGoodsAndServicesSold": "14590000000", "operatingIncome": "1549000000", "sellingGeneralAndAdministrative": "392000000", "researchAndDevelopment": "0", "operatingExpenses": "2577000000", "investmentIncomeNet": "None", "netInterestIncome": "None", "interestIncome": "None", "interestExpense": "66000000", "nonInterestIncome": "None", "otherNonOperatingIncome": "None", "depreciation": "None", "depreciationAndAmortization": "364000000", "incomeBeforeTax": "1479000000", "incomeTaxExpense": "521000000", "interestAndDebtExpense": "None", "netIncomeFromContinuingOperations": "958000000", "comprehensiveIncomeNetOfTax": "None", "ebit": "1545000000", "ebitda": "1909000000", "netIncome": "948000000"}, {"fiscalDateEnding": "2015-06-30", "reportedCurrency": "USD", "grossProfit": "3727000000", "totalRevenue": "20537000000", "costOfRevenue": "16810000000", "costofGoodsAndServicesSold": "16810000000", "operatingIncome": "1335000000", "sellingGeneralAndAdministrative": "393000000", "researchAndDevelopment": "0", "operatingExpenses": "2392000000", "investmentIncomeNet": "None", "netInterestIncome": "None", "interestIncome": "None", "interestExpense": "61000000", "nonInterestIncome": "None", "otherNonOperatingIncome": "None", "depreciation": "None", "depreciationAndAmortization": "362000000", "incomeBeforeTax": "1271000000", "incomeTaxExpense": "432000000", "interestAndDebtExpense": "None", "netIncomeFromContinuingOperations": "839000000", "comprehensiveIncomeNetOfTax": "None", "ebit": "1332000000", "ebitda": "1694000000", "netIncome": "826000000"}, {"fiscalDateEnding": "2015-03-31", "reportedCurrency": "USD", "grossProfit": "3708000000", "totalRevenue": "17191000000", "costOfRevenue": "13483000000", "costofGoodsAndServicesSold": "13483000000", "operatingIncome": "1470000000", "sellingGeneralAndAdministrative": "358000000", "researchAndDevelopment": "0", "operatingExpenses": "2238000000", "investmentIncomeNet": "None", "netInterestIncome": "None", "interestIncome": "None", "interestExpense": "72000000", "nonInterestIncome": "None", "otherNonOperatingIncome": "None", "depreciation": "None", "depreciationAndAmortization": "363000000", "incomeBeforeTax": "1389000000", "incomeTaxExpense": "486000000", "interestAndDebtExpense": "None", "netIncomeFromContinuingOperations": "903000000", "comprehensiveIncomeNetOfTax": "None", "ebit": "1461000000", "ebitda": "1824000000", "netIncome": "891000000"}, {"fiscalDateEnding": "2014-12-31", "reportedCurrency": "USD", "grossProfit": "3588000000", "totalRevenue": "22250000000", "costOfRevenue": "18662000000", "costofGoodsAndServicesSold": "18662000000", "operatingIncome": "1259000000", "sellingGeneralAndAdministrative": "371000000", "researchAndDevelopment": "0", "operatingExpenses": "2329000000", "investmentIncomeNet": "None", "netInterestIncome": "None", "interestIncome": "None", "interestExpense": "68000000", "nonInterestIncome": "None", "otherNonOperatingIncome": "None", "depreciation": "None", "depreciationAndAmortization": "359000000", "incomeBeforeTax": "1187000000", "incomeTaxExpense": "382000000", "interestAndDebtExpense": "None", "netIncomeFromContinuingOperations": "805000000", "comprehensiveIncomeNetOfTax": "None", "ebit": "1255000000", "ebitda": "1614000000", "netIncome": "798000000"}, {"fiscalDateEnding": "2014-09-30", "reportedCurrency": "USD", "grossProfit": "3069000000", "totalRevenue": "25438000000", "costOfRevenue": "22369000000", "costofGoodsAndServicesSold": "22369000000", "operatingIncome": "1062000000", "sellingGeneralAndAdministrative": "342000000", "researchAndDevelopment": "0", "operatingExpenses": "2007000000", "investmentIncomeNet": "None", "netInterestIncome": "None", "interestIncome": "None", "interestExpense": "49000000", "nonInterestIncome": "None", "otherNonOperatingIncome": "-50000000", "depreciation": "None", "depreciationAndAmortization": "322000000", "incomeBeforeTax": "1012000000", "incomeTaxExpense": "333000000", "interestAndDebtExpense": "None", "netIncomeFromContinuingOperations": "679000000", "comprehensiveIncomeNetOfTax": "None", "ebit": "1061000000", "ebitda": "1383000000", "netIncome": "672000000"}, {"fiscalDateEnding": "2014-06-30", "reportedCurrency": "USD", "grossProfit": "3293000000", "totalRevenue": "26844000000", "costOfRevenue": "23551000000", "costofGoodsAndServicesSold": "23551000000", "operatingIncome": "1369000000", "sellingGeneralAndAdministrative": "316000000", "researchAndDevelopment": "0", "operatingExpenses": "1924000000", "investmentIncomeNet": "None", "netInterestIncome": "None", "interestIncome": "None", "interestExpense": "42000000", "nonInterestIncome": "None", "otherNonOperatingIncome": "-48000000", "depreciation": "None", "depreciationAndAmortization": "325000000", "incomeBeforeTax": "1321000000", "incomeTaxExpense": "457000000", "interestAndDebtExpense": "None", "netIncomeFromContinuingOperations": "864000000", "comprehensiveIncomeNetOfTax": "None", "ebit": "1363000000", "ebitda": "1688000000", "netIncome": "855000000"}, {"fiscalDateEnding": "2014-03-31", "reportedCurrency": "USD", "grossProfit": "2266000000", "totalRevenue": "23285000000", "costOfRevenue": "21019000000", "costofGoodsAndServicesSold": "21019000000", "operatingIncome": "361000000", "sellingGeneralAndAdministrative": "346000000", "researchAndDevelopment": "0", "operatingExpenses": "1905000000", "investmentIncomeNet": "None", "netInterestIncome": "None", "interestIncome": "None", "interestExpense": "43000000", "nonInterestIncome": "None", "otherNonOperatingIncome": "-46000000", "depreciation": "None", "depreciationAndAmortization": "320000000", "incomeBeforeTax": "315000000", "incomeTaxExpense": "108000000", "interestAndDebtExpense": "None", "netIncomeFromContinuingOperations": "207000000", "comprehensiveIncomeNetOfTax": "None", "ebit": "358000000", "ebitda": "678000000", "netIncome": "199000000"}, {"fiscalDateEnding": "2013-12-31", "reportedCurrency": "USD", "grossProfit": "2968000000", "totalRevenue": "24897000000", "costOfRevenue": "21929000000", "costofGoodsAndServicesSold": "21929000000", "operatingIncome": "1008000000", "sellingGeneralAndAdministrative": "336000000", "researchAndDevelopment": "0", "operatingExpenses": "1960000000", "investmentIncomeNet": "None", "netInterestIncome": "None", "interestIncome": "None", "interestExpense": "42000000", "nonInterestIncome": "None", "otherNonOperatingIncome": "-132000000", "depreciation": "None", "depreciationAndAmortization": "332000000", "incomeBeforeTax": "969000000", "incomeTaxExpense": "338000000", "interestAndDebtExpense": "None", "netIncomeFromContinuingOperations": "631000000", "comprehensiveIncomeNetOfTax": "None", "ebit": "1011000000", "ebitda": "1343000000", "netIncome": "626000000"}, {"fiscalDateEnding": "2013-09-30", "reportedCurrency": "USD", "grossProfit": "2301000000", "totalRevenue": "26256000000", "costOfRevenue": "23955000000", "costofGoodsAndServicesSold": "23955000000", "operatingIncome": "301000000", "sellingGeneralAndAdministrative": "305000000", "researchAndDevelopment": "0", "operatingExpenses": "2000000000", "investmentIncomeNet": "None", "netInterestIncome": "None", "interestIncome": "None", "interestExpense": "43000000", "nonInterestIncome": "None", "otherNonOperatingIncome": "-47000000", "depreciation": "None", "depreciationAndAmortization": "299000000", "incomeBeforeTax": "254000000", "incomeTaxExpense": "81000000", "interestAndDebtExpense": "None", "netIncomeFromContinuingOperations": "173000000", "comprehensiveIncomeNetOfTax": "None", "ebit": "297000000", "ebitda": "596000000", "netIncome": "168000000"}, {"fiscalDateEnding": "2013-06-30", "reportedCurrency": "USD", "grossProfit": "2976000000", "totalRevenue": "25677000000", "costOfRevenue": "22701000000", "costofGoodsAndServicesSold": "22701000000", "operatingIncome": "960000000", "sellingGeneralAndAdministrative": "358000000", "researchAndDevelopment": "0", "operatingExpenses": "2016000000", "investmentIncomeNet": "None", "netInterestIncome": "None", "interestIncome": "None", "interestExpense": "45000000", "nonInterestIncome": "None", "otherNonOperatingIncome": "None", "depreciation": "None", "depreciationAndAmortization": "302000000", "incomeBeforeTax": "915000000", "incomeTaxExpense": "316000000", "interestAndDebtExpense": "None", "netIncomeFromContinuingOperations": "599000000", "comprehensiveIncomeNetOfTax": "None", "ebit": "960000000", "ebitda": "1262000000", "netIncome": "593000000"}, {"fiscalDateEnding": "2013-03-31", "reportedCurrency": "USD", "grossProfit": "2937000000", "totalRevenue": "23330000000", "costOfRevenue": "20393000000", "costofGoodsAndServicesSold": "20393000000", "operatingIncome": "1156000000", "sellingGeneralAndAdministrative": "249000000", "researchAndDevelopment": "0", "operatingExpenses": "1781000000", "investmentIncomeNet": "None", "netInterestIncome": "None", "interestIncome": "None", "interestExpense": "44000000", "nonInterestIncome": "None", "otherNonOperatingIncome": "None", "depreciation": "None", "depreciationAndAmortization": "287000000", "incomeBeforeTax": "1108000000", "incomeTaxExpense": "378000000", "interestAndDebtExpense": "None", "netIncomeFromContinuingOperations": "730000000", "comprehensiveIncomeNetOfTax": "None", "ebit": "1152000000", "ebitda": "1439000000", "netIncome": "725000000"}, {"fiscalDateEnding": "2012-12-31", "reportedCurrency": "USD", "grossProfit": "6300000000", "totalRevenue": "20480000000", "costOfRevenue": "14180000000", "costofGoodsAndServicesSold": "14180000000", "operatingIncome": "1189000000", "sellingGeneralAndAdministrative": "279000000", "researchAndDevelopment": "0", "operatingExpenses": "5111000000", "investmentIncomeNet": "None", "netInterestIncome": "None", "interestIncome": "None", "interestExpense": "28000000", "nonInterestIncome": "None", "otherNonOperatingIncome": "-241000000", "depreciation": "None", "depreciationAndAmortization": "283000000", "incomeBeforeTax": "1144000000", "incomeTaxExpense": "385000000", "interestAndDebtExpense": "None", "netIncomeFromContinuingOperations": "759000000", "comprehensiveIncomeNetOfTax": "None", "ebit": "1188000000", "ebitda": "1471000000", "netIncome": "755000000"}, {"fiscalDateEnding": "2012-09-30", "reportedCurrency": "USD", "grossProfit": "3517000000", "totalRevenue": "21049000000", "costOfRevenue": "17532000000", "costofGoodsAndServicesSold": "17532000000", "operatingIncome": "1895000000", "sellingGeneralAndAdministrative": "293000000", "researchAndDevelopment": "0", "operatingExpenses": "1622000000", "investmentIncomeNet": "None", "netInterestIncome": "None", "interestIncome": "None", "interestExpense": "18000000", "nonInterestIncome": "None", "otherNonOperatingIncome": "156000000", "depreciation": "None", "depreciationAndAmortization": "246000000", "incomeBeforeTax": "1870000000", "incomeTaxExpense": "646000000", "interestAndDebtExpense": "None", "netIncomeFromContinuingOperations": "1224000000", "comprehensiveIncomeNetOfTax": "None", "ebit": "1888000000", "ebitda": "2134000000", "netIncome": "1224000000"}, {"fiscalDateEnding": "2012-06-30", "reportedCurrency": "USD", "grossProfit": "3150000000", "totalRevenue": "20243000000", "costOfRevenue": "17093000000", "costofGoodsAndServicesSold": "17093000000", "operatingIncome": "1307000000", "sellingGeneralAndAdministrative": "365000000", "researchAndDevelopment": "0", "operatingExpenses": "1843000000", "investmentIncomeNet": "None", "netInterestIncome": "None", "interestIncome": "None", "interestExpense": "10000000", "nonInterestIncome": "None", "otherNonOperatingIncome": "-7000000", "depreciation": "None", "depreciationAndAmortization": "236000000", "incomeBeforeTax": "1290000000", "incomeTaxExpense": "476000000", "interestAndDebtExpense": "None", "netIncomeFromContinuingOperations": "814000000", "comprehensiveIncomeNetOfTax": "None", "ebit": "1300000000", "ebitda": "1536000000", "netIncome": "814000000"}, {"fiscalDateEnding": "2012-03-31", "reportedCurrency": "USD", "grossProfit": "2651000000", "totalRevenue": "20265000000", "costOfRevenue": "17614000000", "costofGoodsAndServicesSold": "17614000000", "operatingIncome": "956000000", "sellingGeneralAndAdministrative": "251000000", "researchAndDevelopment": "0", "operatingExpenses": "1695000000", "investmentIncomeNet": "None", "netInterestIncome": "None", "interestIncome": "None", "interestExpense": "22000000", "nonInterestIncome": "None", "otherNonOperatingIncome": "-18000000", "depreciation": "None", "depreciationAndAmortization": "230000000", "incomeBeforeTax": "934000000", "incomeTaxExpense": "338000000", "interestAndDebtExpense": "None", "netIncomeFromContinuingOperations": "596000000", "comprehensiveIncomeNetOfTax": "None", "ebit": "949000000", "ebitda": "1179000000", "netIncome": "596000000"}, {"fiscalDateEnding": "2011-12-31", "reportedCurrency": "USD", "grossProfit": "414000000", "totalRevenue": "19432000000", "costOfRevenue": "19018000000", "costofGoodsAndServicesSold": "19018000000", "operatingIncome": "-158000000", "sellingGeneralAndAdministrative": "302000000", "researchAndDevelopment": "0", "operatingExpenses": "572000000", "investmentIncomeNet": "None", "netInterestIncome": "None", "interestIncome": "None", "interestExpense": "22000000", "nonInterestIncome": "None", "otherNonOperatingIncome": "None", "depreciation": "None", "depreciationAndAmortization": "230000000", "incomeBeforeTax": "-180000000", "incomeTaxExpense": "-105000000", "interestAndDebtExpense": "None", "netIncomeFromContinuingOperations": "0", "comprehensiveIncomeNetOfTax": "None", "ebit": "-158000000", "ebitda": "72000000", "netIncome": "-75000000"}, {"fiscalDateEnding": "2011-09-30", "reportedCurrency": "USD", "grossProfit": "2333000000", "totalRevenue": "20638000000", "costOfRevenue": "18305000000", "costofGoodsAndServicesSold": "18305000000", "operatingIncome": "1759000000", "sellingGeneralAndAdministrative": "299000000", "researchAndDevelopment": "0", "operatingExpenses": "574000000", "investmentIncomeNet": "None", "netInterestIncome": "None", "interestIncome": "None", "interestExpense": "15000000", "nonInterestIncome": "None", "otherNonOperatingIncome": "5000000", "depreciation": "None", "depreciationAndAmortization": "227000000", "incomeBeforeTax": "1744000000", "incomeTaxExpense": "611000000", "interestAndDebtExpense": "None", "netIncomeFromContinuingOperations": "1133000000", "comprehensiveIncomeNetOfTax": "None", "ebit": "1744000000", "ebitda": "1971000000", "netIncome": "1133000000"}, {"fiscalDateEnding": "2011-06-30", "reportedCurrency": "USD", "grossProfit": "1873000000", "totalRevenue": "20777000000", "costOfRevenue": "18904000000", "costofGoodsAndServicesSold": "18904000000", "operatingIncome": "1325000000", "sellingGeneralAndAdministrative": "288000000", "researchAndDevelopment": "0", "operatingExpenses": "548000000", "investmentIncomeNet": "None", "netInterestIncome": "None", "interestIncome": "None", "interestExpense": "42000000", "nonInterestIncome": "None", "otherNonOperatingIncome": "11000000", "depreciation": "None", "depreciationAndAmortization": "218000000", "incomeBeforeTax": "1333000000", "incomeTaxExpense": "531000000", "interestAndDebtExpense": "None", "netIncomeFromContinuingOperations": "802000000", "comprehensiveIncomeNetOfTax": "None", "ebit": "1375000000", "ebitda": "1593000000", "netIncome": "802000000"}, {"fiscalDateEnding": "2011-03-31", "reportedCurrency": "USD", "grossProfit": "1311000000", "totalRevenue": "17862000000", "costOfRevenue": "16551000000", "costofGoodsAndServicesSold": "16551000000", "operatingIncome": "819000000", "sellingGeneralAndAdministrative": "217000000", "researchAndDevelopment": "0", "operatingExpenses": "492000000", "investmentIncomeNet": "None", "netInterestIncome": "None", "interestIncome": "None", "interestExpense": "11000000", "nonInterestIncome": "None", "otherNonOperatingIncome": "None", "depreciation": "None", "depreciationAndAmortization": "216000000", "incomeBeforeTax": "822000000", "incomeTaxExpense": "293000000", "interestAndDebtExpense": "None", "netIncomeFromContinuingOperations": "0", "comprehensiveIncomeNetOfTax": "None", "ebit": "833000000", "ebitda": "1049000000", "netIncome": "529000000"}, {"fiscalDateEnding": "2010-12-31", "reportedCurrency": "USD", "grossProfit": "2223000000", "totalRevenue": "17461000000", "costOfRevenue": "15238000000", "costofGoodsAndServicesSold": "15238000000", "operatingIncome": "351000000", "sellingGeneralAndAdministrative": "260000000", "researchAndDevelopment": "0", "operatingExpenses": "1872000000", "investmentIncomeNet": "None", "netInterestIncome": "None", "interestIncome": "None", "interestExpense": "2000000", "nonInterestIncome": "None", "otherNonOperatingIncome": "None", "depreciation": "None", "depreciationAndAmortization": "218000000", "incomeBeforeTax": "361000000", "incomeTaxExpense": "131000000", "interestAndDebtExpense": "None", "netIncomeFromContinuingOperations": "0", "comprehensiveIncomeNetOfTax": "None", "ebit": "359000000", "ebitda": "577000000", "netIncome": "230000000"}, {"fiscalDateEnding": "2010-09-30", "reportedCurrency": "USD", "grossProfit": "944000000", "totalRevenue": "15910000000", "costOfRevenue": "14966000000", "costofGoodsAndServicesSold": "14966000000", "operatingIncome": "443000000", "sellingGeneralAndAdministrative": "226000000", "researchAndDevelopment": "0", "operatingExpenses": "501000000", "investmentIncomeNet": "None", "netInterestIncome": "None", "interestIncome": "None", "interestExpense": "6000000", "nonInterestIncome": "None", "otherNonOperatingIncome": "None", "depreciation": "None", "depreciationAndAmortization": "234000000", "incomeBeforeTax": "439000000", "incomeTaxExpense": "162000000", "interestAndDebtExpense": "None", "netIncomeFromContinuingOperations": "0", "comprehensiveIncomeNetOfTax": "None", "ebit": "445000000", "ebitda": "679000000", "netIncome": "277000000"}, {"fiscalDateEnding": "2010-06-30", "reportedCurrency": "USD", "grossProfit": "1178000000", "totalRevenue": "15807000000", "costOfRevenue": "14629000000", "costofGoodsAndServicesSold": "14629000000", "operatingIncome": "636000000", "sellingGeneralAndAdministrative": "228000000", "researchAndDevelopment": "0", "operatingExpenses": "542000000", "investmentIncomeNet": "None", "netInterestIncome": "None", "interestIncome": "None", "interestExpense": "43000000", "nonInterestIncome": "None", "otherNonOperatingIncome": "None", "depreciation": "None", "depreciationAndAmortization": "269000000", "incomeBeforeTax": "640000000", "incomeTaxExpense": "235000000", "interestAndDebtExpense": "None", "netIncomeFromContinuingOperations": "0", "comprehensiveIncomeNetOfTax": "None", "ebit": "618000000", "ebitda": "887000000", "netIncome": "405000000"}, {"fiscalDateEnding": "2010-03-31", "reportedCurrency": "USD", "grossProfit": "1287000000", "totalRevenue": "13391000000", "costOfRevenue": "12104000000", "costofGoodsAndServicesSold": "12104000000", "operatingIncome": "-419000000", "sellingGeneralAndAdministrative": "206000000", "researchAndDevelopment": "0", "operatingExpenses": "1706000000", "investmentIncomeNet": "None", "netInterestIncome": "None", "interestIncome": "None", "interestExpense": "4000000", "nonInterestIncome": "None", "otherNonOperatingIncome": "None", "depreciation": "None", "depreciationAndAmortization": "220000000", "incomeBeforeTax": "-417000000", "incomeTaxExpense": "-128000000", "interestAndDebtExpense": "None", "netIncomeFromContinuingOperations": "0", "comprehensiveIncomeNetOfTax": "None", "ebit": "-413000000", "ebitda": "-193000000", "netIncome": "-289000000"}, {"fiscalDateEnding": "2009-12-31", "reportedCurrency": "USD", "grossProfit": "1604000000", "totalRevenue": "13421000000", "costOfRevenue": "11817000000", "costofGoodsAndServicesSold": "11817000000", "operatingIncome": "-122000000", "sellingGeneralAndAdministrative": "842000000", "researchAndDevelopment": "0", "operatingExpenses": "1726000000", "investmentIncomeNet": "None", "netInterestIncome": "None", "interestIncome": "None", "interestExpense": "2000000", "nonInterestIncome": "None", "otherNonOperatingIncome": "None", "depreciation": "None", "depreciationAndAmortization": "194000000", "incomeBeforeTax": "-116000000", "incomeTaxExpense": "-64000000", "interestAndDebtExpense": "None", "netIncomeFromContinuingOperations": "0", "comprehensiveIncomeNetOfTax": "None", "ebit": "-118000000", "ebitda": "76000000", "netIncome": "-52000000"}, {"fiscalDateEnding": "2009-09-30", "reportedCurrency": "USD", "grossProfit": "1971000000", "totalRevenue": "12438000000", "costOfRevenue": "10467000000", "costofGoodsAndServicesSold": "10467000000", "operatingIncome": "265000000", "sellingGeneralAndAdministrative": "None", "researchAndDevelopment": "None", "operatingExpenses": "1706000000", "investmentIncomeNet": "None", "netInterestIncome": "None", "interestIncome": "None", "interestExpense": "7000000", "nonInterestIncome": "None", "otherNonOperatingIncome": "None", "depreciation": "None", "depreciationAndAmortization": "167000000", "incomeBeforeTax": "271000000", "incomeTaxExpense": "103000000", "interestAndDebtExpense": "None", "netIncomeFromContinuingOperations": "None", "comprehensiveIncomeNetOfTax": "None", "ebit": "278000000", "ebitda": "445000000", "netIncome": "168000000"}]}