{"symbol": "ARLP", "annualReports": [{"fiscalDateEnding": "2025-12-31", "reportedCurrency": "None", "grossProfit": "468422000", "totalRevenue": "2194811000", "costOfRevenue": "1726389000", "costofGoodsAndServicesSold": "1726389000", "operatingIncome": "385303000", "sellingGeneralAndAdministrative": "83119000000", "researchAndDevelopment": "None", "operatingExpenses": "83119000", "investmentIncomeNet": "None", "netInterestIncome": "None", "interestIncome": "None", "interestExpense": "39735000", "nonInterestIncome": "None", "otherNonOperatingIncome": "None", "depreciation": "None", "depreciationAndAmortization": "299436000", "incomeBeforeTax": "336015000", "incomeTaxExpense": "18765000", "interestAndDebtExpense": "None", "netIncomeFromContinuingOperations": "None", "comprehensiveIncomeNetOfTax": "None", "ebit": "375750000", "ebitda": "675186000", "netIncome": "311163000"}, {"fiscalDateEnding": "2024-12-31", "reportedCurrency": "USD", "grossProfit": "507483000", "totalRevenue": "2448708000", "costOfRevenue": "1941225000", "costofGoodsAndServicesSold": "1941225000", "operatingIncome": "425259000", "sellingGeneralAndAdministrative": "82224000", "researchAndDevelopment": "None", "operatingExpenses": "82224000", "investmentIncomeNet": "None", "netInterestIncome": "-28007000", "interestIncome": "7222000", "interestExpense": "35229000", "nonInterestIncome": "None", "otherNonOperatingIncome": "None", "depreciation": "None", "depreciationAndAmortization": "285446000", "incomeBeforeTax": "381494000", "incomeTaxExpense": "15937000", "interestAndDebtExpense": "None", "netIncomeFromContinuingOperations": "365557000", "comprehensiveIncomeNetOfTax": "None", "ebit": "416723000", "ebitda": "702169000", "netIncome": "360855000"}, {"fiscalDateEnding": "2023-12-31", "reportedCurrency": "USD", "grossProfit": "751493000", "totalRevenue": "2566701000", "costOfRevenue": "1815208000", "costofGoodsAndServicesSold": "1815208000", "operatingIncome": "672397000", "sellingGeneralAndAdministrative": "79096000", "researchAndDevelopment": "None", "operatingExpenses": "79096000", "investmentIncomeNet": "None", "netInterestIncome": "-26697000", "interestIncome": "9394000", "interestExpense": "36091000", "nonInterestIncome": "None", "otherNonOperatingIncome": "None", "depreciation": "None", "depreciationAndAmortization": "267982000", "incomeBeforeTax": "644450000", "incomeTaxExpense": "8280000", "interestAndDebtExpense": "None", "netIncomeFromContinuingOperations": "636170000", "comprehensiveIncomeNetOfTax": "None", "ebit": "680541000", "ebitda": "948523000", "netIncome": "630118000"}, {"fiscalDateEnding": "2022-12-31", "reportedCurrency": "USD", "grossProfit": "738770000", "totalRevenue": "2406511000", "costOfRevenue": "1667741000", "costofGoodsAndServicesSold": "1667741000", "operatingIncome": "658436000", "sellingGeneralAndAdministrative": "80334000", "researchAndDevelopment": "None", "operatingExpenses": "1748075000", "investmentIncomeNet": "None", "netInterestIncome": "-35297000", "interestIncome": "2035000", "interestExpense": "37332000", "nonInterestIncome": "None", "otherNonOperatingIncome": "12022000", "depreciation": "None", "depreciationAndAmortization": "273759000", "incomeBeforeTax": "633126000", "incomeTaxExpense": "53978000", "interestAndDebtExpense": "None", "netIncomeFromContinuingOperations": "579148000", "comprehensiveIncomeNetOfTax": "None", "ebit": "394741000", "ebitda": "668500000", "netIncome": "577190000"}, {"fiscalDateEnding": "2021-12-31", "reportedCurrency": "USD", "grossProfit": "289363000", "totalRevenue": "1569976000", "costOfRevenue": "1280613000", "costofGoodsAndServicesSold": "1280613000", "operatingIncome": "219203000", "sellingGeneralAndAdministrative": "70160000", "researchAndDevelopment": "None", "operatingExpenses": "1350773000", "investmentIncomeNet": "None", "netInterestIncome": "-39141000", "interestIncome": "88000", "interestExpense": "39229000", "nonInterestIncome": "None", "otherNonOperatingIncome": "-802000", "depreciation": "None", "depreciationAndAmortization": "261377000", "incomeBeforeTax": "179172000", "incomeTaxExpense": "417000", "interestAndDebtExpense": "None", "netIncomeFromContinuingOperations": "178755000", "comprehensiveIncomeNetOfTax": "None", "ebit": "217803000", "ebitda": "217803000", "netIncome": "178157000"}, {"fiscalDateEnding": "2020-12-31", "reportedCurrency": "USD", "grossProfit": "-23046000", "totalRevenue": "1328129000", "costOfRevenue": "1351175000", "costofGoodsAndServicesSold": "1351175000", "operatingIncome": "-82852000", "sellingGeneralAndAdministrative": "59806000", "researchAndDevelopment": "None", "operatingExpenses": "1410981000", "investmentIncomeNet": "None", "netInterestIncome": "-45478000", "interestIncome": "135000", "interestExpense": "45613000", "nonInterestIncome": "None", "otherNonOperatingIncome": "-551000", "depreciation": "None", "depreciationAndAmortization": "313387000", "incomeBeforeTax": "-129016000", "incomeTaxExpense": "35000", "interestAndDebtExpense": "None", "netIncomeFromContinuingOperations": "-129051000", "comprehensiveIncomeNetOfTax": "None", "ebit": "-83572000", "ebitda": "229815000", "netIncome": "-129220000"}, {"fiscalDateEnding": "2019-12-31", "reportedCurrency": "USD", "grossProfit": "332495000", "totalRevenue": "1961720000", "costOfRevenue": "1629225000", "costofGoodsAndServicesSold": "1629225000", "operatingIncome": "259498000", "sellingGeneralAndAdministrative": "72997000", "researchAndDevelopment": "None", "operatingExpenses": "1702222000", "investmentIncomeNet": "None", "netInterestIncome": "-45496000", "interestIncome": "379000", "interestExpense": "45875000", "nonInterestIncome": "None", "otherNonOperatingIncome": "193092000", "depreciation": "None", "depreciationAndAmortization": "309075000", "incomeBeforeTax": "406715000", "incomeTaxExpense": "-211000", "interestAndDebtExpense": "None", "netIncomeFromContinuingOperations": "406926000", "comprehensiveIncomeNetOfTax": "None", "ebit": "406715000", "ebitda": "445078000", "netIncome": "399414000"}, {"fiscalDateEnding": "2018-12-31", "reportedCurrency": "USD", "grossProfit": "440585000", "totalRevenue": "2002857000", "costOfRevenue": "1562272000", "costofGoodsAndServicesSold": "1562272000", "operatingIncome": "372287000", "sellingGeneralAndAdministrative": "68298000", "researchAndDevelopment": "None", "operatingExpenses": "1630570000", "investmentIncomeNet": "None", "netInterestIncome": "-40059000", "interestIncome": "159000", "interestExpense": "40218000", "nonInterestIncome": "None", "otherNonOperatingIncome": "35423000", "depreciation": "None", "depreciationAndAmortization": "280225000", "incomeBeforeTax": "367492000", "incomeTaxExpense": "22000", "interestAndDebtExpense": "None", "netIncomeFromContinuingOperations": "367470000", "comprehensiveIncomeNetOfTax": "None", "ebit": "367492000", "ebitda": "406844000", "netIncome": "366604000"}, {"fiscalDateEnding": "2017-12-31", "reportedCurrency": "USD", "grossProfit": "390372000", "totalRevenue": "1796220000", "costOfRevenue": "1405848000", "costofGoodsAndServicesSold": "1405848000", "operatingIncome": "328612000", "sellingGeneralAndAdministrative": "61760000", "researchAndDevelopment": "None", "operatingExpenses": "1467608000", "investmentIncomeNet": "None", "netInterestIncome": "-39291000", "interestIncome": "94000", "interestExpense": "39385000", "nonInterestIncome": "None", "otherNonOperatingIncome": "15184000", "depreciation": "None", "depreciationAndAmortization": "268981000", "incomeBeforeTax": "304411000", "incomeTaxExpense": "210000", "interestAndDebtExpense": "None", "netIncomeFromContinuingOperations": "304201000", "comprehensiveIncomeNetOfTax": "None", "ebit": "304411000", "ebitda": "343233000", "netIncome": "303638000"}, {"fiscalDateEnding": "2016-12-31", "reportedCurrency": "USD", "grossProfit": "438471000", "totalRevenue": "1931453000", "costOfRevenue": "1492982000", "costofGoodsAndServicesSold": "1492982000", "operatingIncome": "365942000", "sellingGeneralAndAdministrative": "72529000", "researchAndDevelopment": "None", "operatingExpenses": "1565511000", "investmentIncomeNet": "None", "netInterestIncome": "-30659000", "interestIncome": "10000", "interestExpense": "30669000", "nonInterestIncome": "None", "otherNonOperatingIncome": "4278000", "depreciation": "None", "depreciationAndAmortization": "336500000", "incomeBeforeTax": "339551000", "incomeTaxExpense": "13000", "interestAndDebtExpense": "None", "netIncomeFromContinuingOperations": "339538000", "comprehensiveIncomeNetOfTax": "None", "ebit": "339551000", "ebitda": "370080000", "netIncome": "339398000"}, {"fiscalDateEnding": "2015-12-31", "reportedCurrency": "USD", "grossProfit": "896680000", "totalRevenue": "2273733000", "costOfRevenue": "1377053000", "costofGoodsAndServicesSold": "1377053000", "operatingIncome": "361429000", "sellingGeneralAndAdministrative": "67484000", "researchAndDevelopment": "None", "operatingExpenses": "1444537000", "investmentIncomeNet": "None", "netInterestIncome": "None", "interestIncome": "78740000", "interestExpense": "31153000", "nonInterestIncome": "None", "otherNonOperatingIncome": "-46632000", "depreciation": "None", "depreciationAndAmortization": "324000000", "incomeBeforeTax": "306192000", "incomeTaxExpense": "21000", "interestAndDebtExpense": "None", "netIncomeFromContinuingOperations": "306171000", "comprehensiveIncomeNetOfTax": "None", "ebit": "306192000", "ebitda": "337372000", "netIncome": "306198000"}, {"fiscalDateEnding": "2014-12-31", "reportedCurrency": "USD", "grossProfit": "917361000", "totalRevenue": "2300721000", "costOfRevenue": "1383360000", "costofGoodsAndServicesSold": "1383360000", "operatingIncome": "544208000", "sellingGeneralAndAdministrative": "72552000", "researchAndDevelopment": "None", "operatingExpenses": "1455912000", "investmentIncomeNet": "None", "netInterestIncome": "None", "interestIncome": "None", "interestExpense": "33584000", "nonInterestIncome": "None", "otherNonOperatingIncome": "-13411000", "depreciation": "None", "depreciationAndAmortization": "274600000", "incomeBeforeTax": "497213000", "incomeTaxExpense": "-16000", "interestAndDebtExpense": "None", "netIncomeFromContinuingOperations": "497213000", "comprehensiveIncomeNetOfTax": "None", "ebit": "497213000", "ebitda": "530813000", "netIncome": "497229000"}, {"fiscalDateEnding": "2013-12-31", "reportedCurrency": "USD", "grossProfit": "806798000", "totalRevenue": "2205561000", "costOfRevenue": "1398763000", "costofGoodsAndServicesSold": "1398763000", "operatingIncome": "443518000", "sellingGeneralAndAdministrative": "63697000", "researchAndDevelopment": "None", "operatingExpenses": "1462460000", "investmentIncomeNet": "None", "netInterestIncome": "None", "interestIncome": "None", "interestExpense": "27044000", "nonInterestIncome": "None", "otherNonOperatingIncome": "-21588000", "depreciation": "None", "depreciationAndAmortization": "264900000", "incomeBeforeTax": "394886000", "incomeTaxExpense": "1396000", "interestAndDebtExpense": "None", "netIncomeFromContinuingOperations": "393490000", "comprehensiveIncomeNetOfTax": "None", "ebit": "394886000", "ebitda": "421930000", "netIncome": "393490000"}, {"fiscalDateEnding": "2012-12-31", "reportedCurrency": "USD", "grossProfit": "731010000", "totalRevenue": "2034301000", "costOfRevenue": "1303291000", "costofGoodsAndServicesSold": "1303291000", "operatingIncome": "374479000", "sellingGeneralAndAdministrative": "58737000", "researchAndDevelopment": "None", "operatingExpenses": "1362028000", "investmentIncomeNet": "None", "netInterestIncome": "None", "interestIncome": "None", "interestExpense": "28684000", "nonInterestIncome": "None", "otherNonOperatingIncome": "-11306000", "depreciation": "None", "depreciationAndAmortization": "218100000", "incomeBeforeTax": "334489000", "incomeTaxExpense": "-1082000", "interestAndDebtExpense": "None", "netIncomeFromContinuingOperations": "335571000", "comprehensiveIncomeNetOfTax": "None", "ebit": "334489000", "ebitda": "256336000", "netIncome": "228734000"}, {"fiscalDateEnding": "2011-12-31", "reportedCurrency": "USD", "grossProfit": "625591000", "totalRevenue": "1843560000", "costOfRevenue": "1217969000", "costofGoodsAndServicesSold": "1217969000", "operatingIncome": "412922000", "sellingGeneralAndAdministrative": "52334000", "researchAndDevelopment": "None", "operatingExpenses": "1430638000", "investmentIncomeNet": "None", "netInterestIncome": "None", "interestIncome": "None", "interestExpense": "21954000", "nonInterestIncome": "None", "otherNonOperatingIncome": "-2046000", "depreciation": "None", "depreciationAndAmortization": "160300000", "incomeBeforeTax": "388922000", "incomeTaxExpense": "-431000", "interestAndDebtExpense": "None", "netIncomeFromContinuingOperations": "389353000", "comprehensiveIncomeNetOfTax": "None", "ebit": "388922000", "ebitda": "410876000", "netIncome": "389353000"}, {"fiscalDateEnding": "2010-12-31", "reportedCurrency": "USD", "grossProfit": "549468000", "totalRevenue": "1610065000", "costOfRevenue": "1060597000", "costofGoodsAndServicesSold": "1060597000", "operatingIncome": "351769000", "sellingGeneralAndAdministrative": "50818000", "researchAndDevelopment": "None", "operatingExpenses": "1258296000", "investmentIncomeNet": "None", "netInterestIncome": "None", "interestIncome": "None", "interestExpense": "30062000", "nonInterestIncome": "None", "otherNonOperatingIncome": "1051000", "depreciation": "None", "depreciationAndAmortization": "146900000", "incomeBeforeTax": "322758000", "incomeTaxExpense": "1741000", "interestAndDebtExpense": "None", "netIncomeFromContinuingOperations": "321017000", "comprehensiveIncomeNetOfTax": "None", "ebit": "322758000", "ebitda": "352820000", "netIncome": "321017000"}, {"fiscalDateEnding": "2009-12-31", "reportedCurrency": "USD", "grossProfit": "380247000", "totalRevenue": "1231031000", "costOfRevenue": "850784000", "costofGoodsAndServicesSold": "850784000", "operatingIncome": "221606000", "sellingGeneralAndAdministrative": "41117000", "researchAndDevelopment": "None", "operatingExpenses": "1009425000", "investmentIncomeNet": "None", "netInterestIncome": "None", "interestIncome": "None", "interestExpense": "30847000", "nonInterestIncome": "None", "otherNonOperatingIncome": "None", "depreciation": "None", "depreciationAndAmortization": "117500000", "incomeBeforeTax": "193055000", "incomeTaxExpense": "708000", "interestAndDebtExpense": "None", "netIncomeFromContinuingOperations": "None", "comprehensiveIncomeNetOfTax": "None", "ebit": "193055000", "ebitda": "223712000", "netIncome": "192157000"}, {"fiscalDateEnding": "2008-12-31", "reportedCurrency": "USD", "grossProfit": "286164000", "totalRevenue": "1156549000", "costOfRevenue": "870385000", "costofGoodsAndServicesSold": "870385000", "operatingIncome": "151659000", "sellingGeneralAndAdministrative": "37176000", "researchAndDevelopment": "None", "operatingExpenses": "1004890000", "investmentIncomeNet": "None", "netInterestIncome": "None", "interestIncome": "None", "interestExpense": "22145000", "nonInterestIncome": "None", "otherNonOperatingIncome": "None", "depreciation": "None", "depreciationAndAmortization": "105300000", "incomeBeforeTax": "134116000", "incomeTaxExpense": "-480000", "interestAndDebtExpense": "None", "netIncomeFromContinuingOperations": "None", "comprehensiveIncomeNetOfTax": "None", "ebit": "134116000", "ebitda": "155841000", "netIncome": "134176000"}, {"fiscalDateEnding": "2007-12-31", "reportedCurrency": "USD", "grossProfit": "288592000", "totalRevenue": "1033334000", "costOfRevenue": "744742000", "costofGoodsAndServicesSold": "744742000", "operatingIncome": "180294000", "sellingGeneralAndAdministrative": "34479000", "researchAndDevelopment": "None", "operatingExpenses": "853040000", "investmentIncomeNet": "None", "netInterestIncome": "None", "interestIncome": "None", "interestExpense": "11656000", "nonInterestIncome": "None", "otherNonOperatingIncome": "None", "depreciation": "None", "depreciationAndAmortization": "85310000", "incomeBeforeTax": "171727000", "incomeTaxExpense": "1669000", "interestAndDebtExpense": "None", "netIncomeFromContinuingOperations": "None", "comprehensiveIncomeNetOfTax": "None", "ebit": "172059000", "ebitda": "257369000", "netIncome": "170390000"}, {"fiscalDateEnding": "2006-12-31", "reportedCurrency": "USD", "grossProfit": "280709000", "totalRevenue": "967557000", "costOfRevenue": "686848000", "costofGoodsAndServicesSold": "686848000", "operatingIncome": "183336000", "sellingGeneralAndAdministrative": "30884000", "researchAndDevelopment": "None", "operatingExpenses": "784221000", "investmentIncomeNet": "None", "netInterestIncome": "None", "interestIncome": "None", "interestExpense": "12177000", "nonInterestIncome": "None", "otherNonOperatingIncome": "None", "depreciation": "None", "depreciationAndAmortization": "66489000", "incomeBeforeTax": "175097000", "incomeTaxExpense": "2443000", "interestAndDebtExpense": "None", "netIncomeFromContinuingOperations": "None", "comprehensiveIncomeNetOfTax": "None", "ebit": "175370000", "ebitda": "241859000", "netIncome": "172927000"}], "quarterlyReports": [{"fiscalDateEnding": "2025-12-31", "reportedCurrency": "None", "grossProfit": "118129000", "totalRevenue": "535513000", "costOfRevenue": "417384000", "costofGoodsAndServicesSold": "417384000", "operatingIncome": "97343000", "sellingGeneralAndAdministrative": "20786000000", "researchAndDevelopment": "None", "operatingExpenses": "20786000", "investmentIncomeNet": "None", "netInterestIncome": "None", "interestIncome": "None", "interestExpense": "11016000", "nonInterestIncome": "None", "otherNonOperatingIncome": "None", "depreciation": "None", "depreciationAndAmortization": "76256000", "incomeBeforeTax": "87196000", "incomeTaxExpense": "3349000", "interestAndDebtExpense": "None", "netIncomeFromContinuingOperations": "None", "comprehensiveIncomeNetOfTax": "None", "ebit": "98212000", "ebitda": "174468000", "netIncome": "82666000"}, {"fiscalDateEnding": "2025-09-30", "reportedCurrency": "USD", "grossProfit": "126337000", "totalRevenue": "571367000", "costOfRevenue": "445030000", "costofGoodsAndServicesSold": "445030000", "operatingIncome": "104964000", "sellingGeneralAndAdministrative": "21373000", "researchAndDevelopment": "None", "operatingExpenses": "354604000", "investmentIncomeNet": "None", "netInterestIncome": "-10351000", "interestIncome": "682000", "interestExpense": "11033000", "nonInterestIncome": "None", "otherNonOperatingIncome": "None", "depreciation": "None", "depreciationAndAmortization": "78211000", "incomeBeforeTax": "102704000", "incomeTaxExpense": "5886000", "interestAndDebtExpense": "None", "netIncomeFromContinuingOperations": "96818000", "comprehensiveIncomeNetOfTax": "None", "ebit": "89957000000", "ebitda": "168168000", "netIncome": "95104000"}, {"fiscalDateEnding": "2025-06-30", "reportedCurrency": "USD", "grossProfit": "-114858000", "totalRevenue": "547460532", "costOfRevenue": "425610000", "costofGoodsAndServicesSold": "425610000", "operatingIncome": "182901722", "sellingGeneralAndAdministrative": "40939420", "researchAndDevelopment": "None", "operatingExpenses": "40939420", "investmentIncomeNet": "None", "netInterestIncome": "-8682000", "interestIncome": "570000", "interestExpense": "17677566", "nonInterestIncome": "None", "otherNonOperatingIncome": "None", "depreciation": "None", "depreciationAndAmortization": "144900371", "incomeBeforeTax": "146035258", "incomeTaxExpense": "9525818", "interestAndDebtExpense": "None", "netIncomeFromContinuingOperations": "61025000", "comprehensiveIncomeNetOfTax": "None", "ebit": "125167269000", "ebitda": "270067640", "netIncome": "133319017"}, {"fiscalDateEnding": "2025-03-31", "reportedCurrency": "USD", "grossProfit": "540468000", "totalRevenue": "540468000", "costOfRevenue": "425610000", "costofGoodsAndServicesSold": "425610000", "operatingIncome": "94278000", "sellingGeneralAndAdministrative": "20580000", "researchAndDevelopment": "None", "operatingExpenses": "33943600", "investmentIncomeNet": "None", "netInterestIncome": "-7567000", "interestIncome": "867000", "interestExpense": "8434000", "nonInterestIncome": "None", "otherNonOperatingIncome": "None", "depreciation": "None", "depreciationAndAmortization": "68629000", "incomeBeforeTax": "79742000", "incomeTaxExpense": "4182000", "interestAndDebtExpense": "None", "netIncomeFromContinuingOperations": "75560000", "comprehensiveIncomeNetOfTax": "None", "ebit": "69731000", "ebitda": "138360000", "netIncome": "73983000"}, {"fiscalDateEnding": "2024-12-31", "reportedCurrency": "USD", "grossProfit": "64132000", "totalRevenue": "590092000", "costOfRevenue": "525960000", "costofGoodsAndServicesSold": "525960000", "operatingIncome": "15347000", "sellingGeneralAndAdministrative": "17655000", "researchAndDevelopment": "None", "operatingExpenses": "48785000", "investmentIncomeNet": "None", "netInterestIncome": "-6989000", "interestIncome": "1687000", "interestExpense": "8676000", "nonInterestIncome": "None", "otherNonOperatingIncome": "None", "depreciation": "None", "depreciationAndAmortization": "80472000", "incomeBeforeTax": "20570000", "incomeTaxExpense": "3005000", "interestAndDebtExpense": "None", "netIncomeFromContinuingOperations": "17565000", "comprehensiveIncomeNetOfTax": "None", "ebit": "29246000", "ebitda": "109718000", "netIncome": "16330000"}, {"fiscalDateEnding": "2024-09-30", "reportedCurrency": "USD", "grossProfit": "122945000", "totalRevenue": "613569000", "costOfRevenue": "490624000", "costofGoodsAndServicesSold": "490624000", "operatingIncome": "101067000", "sellingGeneralAndAdministrative": "21878000", "researchAndDevelopment": "None", "operatingExpenses": "21878000", "investmentIncomeNet": "None", "netInterestIncome": "-7352000", "interestIncome": "2175000", "interestExpense": "9527000", "nonInterestIncome": "None", "otherNonOperatingIncome": "None", "depreciation": "None", "depreciationAndAmortization": "72971000", "incomeBeforeTax": "91039000", "incomeTaxExpense": "4123000", "interestAndDebtExpense": "None", "netIncomeFromContinuingOperations": "86916000", "comprehensiveIncomeNetOfTax": "None", "ebit": "100566000", "ebitda": "173537000", "netIncome": "86281000"}, {"fiscalDateEnding": "2024-06-30", "reportedCurrency": "USD", "grossProfit": "137982000", "totalRevenue": "593350000", "costOfRevenue": "455368000", "costofGoodsAndServicesSold": "455368000", "operatingIncome": "117420000", "sellingGeneralAndAdministrative": "20562000", "researchAndDevelopment": "None", "operatingExpenses": "20562000", "investmentIncomeNet": "None", "netInterestIncome": "-7193000", "interestIncome": "2084000", "interestExpense": "9277000", "nonInterestIncome": "None", "otherNonOperatingIncome": "None", "depreciation": "None", "depreciationAndAmortization": "66453999", "incomeBeforeTax": "105369000", "incomeTaxExpense": "3860000", "interestAndDebtExpense": "None", "netIncomeFromContinuingOperations": "101509000", "comprehensiveIncomeNetOfTax": "None", "ebit": "114646001", "ebitda": "181100000", "netIncome": "100187000"}, {"fiscalDateEnding": "2024-03-31", "reportedCurrency": "USD", "grossProfit": "182424000", "totalRevenue": "651697000", "costOfRevenue": "469273000", "costofGoodsAndServicesSold": "469273000", "operatingIncome": "160295000", "sellingGeneralAndAdministrative": "22129000", "researchAndDevelopment": "None", "operatingExpenses": "22129000", "investmentIncomeNet": "None", "netInterestIncome": "-6473000", "interestIncome": "1276000", "interestExpense": "7749000", "nonInterestIncome": "None", "otherNonOperatingIncome": "None", "depreciation": "None", "depreciationAndAmortization": "65549000", "incomeBeforeTax": "164516000", "incomeTaxExpense": "4949000", "interestAndDebtExpense": "None", "netIncomeFromContinuingOperations": "159567000", "comprehensiveIncomeNetOfTax": "None", "ebit": "172265000", "ebitda": "237814000", "netIncome": "158057000"}, {"fiscalDateEnding": "2023-12-31", "reportedCurrency": "USD", "grossProfit": "133488000", "totalRevenue": "625422000", "costOfRevenue": "491934000", "costofGoodsAndServicesSold": "491934000", "operatingIncome": "115704000", "sellingGeneralAndAdministrative": "17784000", "researchAndDevelopment": "None", "operatingExpenses": "17784000", "investmentIncomeNet": "None", "netInterestIncome": "-4936000", "interestIncome": "1310000", "interestExpense": "6246000", "nonInterestIncome": "None", "otherNonOperatingIncome": "None", "depreciation": "None", "depreciationAndAmortization": "68400000", "incomeBeforeTax": "113475000", "incomeTaxExpense": "-3361000", "interestAndDebtExpense": "None", "netIncomeFromContinuingOperations": "116836000", "comprehensiveIncomeNetOfTax": "None", "ebit": "119721000", "ebitda": "188121000", "netIncome": "115444000"}, {"fiscalDateEnding": "2023-09-30", "reportedCurrency": "USD", "grossProfit": "185535000", "totalRevenue": "636521000", "costOfRevenue": "450986000", "costofGoodsAndServicesSold": "450986000", "operatingIncome": "165438000", "sellingGeneralAndAdministrative": "20097000", "researchAndDevelopment": "None", "operatingExpenses": "20097000", "investmentIncomeNet": "None", "netInterestIncome": "-5067000", "interestIncome": "2669000", "interestExpense": "7736000", "nonInterestIncome": "None", "otherNonOperatingIncome": "None", "depreciation": "None", "depreciationAndAmortization": "65393000", "incomeBeforeTax": "158752000", "incomeTaxExpense": "3401000", "interestAndDebtExpense": "None", "netIncomeFromContinuingOperations": "155351000", "comprehensiveIncomeNetOfTax": "None", "ebit": "165438000", "ebitda": "230831000", "netIncome": "153699000"}, {"fiscalDateEnding": "2023-06-30", "reportedCurrency": "USD", "grossProfit": "204059000", "totalRevenue": "641836000", "costOfRevenue": "437777000", "costofGoodsAndServicesSold": "437777000", "operatingIncome": "183929000", "sellingGeneralAndAdministrative": "20130000", "researchAndDevelopment": "None", "operatingExpenses": "20130000", "investmentIncomeNet": "None", "netInterestIncome": "-6808000", "interestIncome": "2625000", "interestExpense": "9433000", "nonInterestIncome": "None", "otherNonOperatingIncome": "808000", "depreciation": "None", "depreciationAndAmortization": "68640000", "incomeBeforeTax": "175304000", "incomeTaxExpense": "3999000", "interestAndDebtExpense": "None", "netIncomeFromContinuingOperations": "171305000", "comprehensiveIncomeNetOfTax": "None", "ebit": "183929000", "ebitda": "252569000", "netIncome": "169790000"}, {"fiscalDateEnding": "2023-03-31", "reportedCurrency": "USD", "grossProfit": "293961000", "totalRevenue": "662922000", "costOfRevenue": "368961000", "costofGoodsAndServicesSold": "368961000", "operatingIncome": "275145000", "sellingGeneralAndAdministrative": "21085000", "researchAndDevelopment": "None", "operatingExpenses": "390046000", "investmentIncomeNet": "None", "netInterestIncome": "-9886000", "interestIncome": "2790000", "interestExpense": "9886000", "nonInterestIncome": "None", "otherNonOperatingIncome": "2269000", "depreciation": "None", "depreciationAndAmortization": "65550000", "incomeBeforeTax": "196919000", "incomeTaxExpense": "4241000", "interestAndDebtExpense": "None", "netIncomeFromContinuingOperations": "192678000", "comprehensiveIncomeNetOfTax": "None", "ebit": "275145000", "ebitda": "340695000", "netIncome": "191185000"}, {"fiscalDateEnding": "2022-12-31", "reportedCurrency": "USD", "grossProfit": "302083000", "totalRevenue": "700727000", "costOfRevenue": "398644000", "costofGoodsAndServicesSold": "398644000", "operatingIncome": "363266000", "sellingGeneralAndAdministrative": "17940000", "researchAndDevelopment": "None", "operatingExpenses": "490152000", "investmentIncomeNet": "None", "netInterestIncome": "-7547000", "interestIncome": "1481000", "interestExpense": "7547000", "nonInterestIncome": "None", "otherNonOperatingIncome": "5555000", "depreciation": "None", "depreciationAndAmortization": "79958000", "incomeBeforeTax": "213766000", "incomeTaxExpense": "1668000", "interestAndDebtExpense": "None", "netIncomeFromContinuingOperations": "215434000", "comprehensiveIncomeNetOfTax": "None", "ebit": "363266000", "ebitda": "443224000", "netIncome": "214453000"}, {"fiscalDateEnding": "2022-09-30", "reportedCurrency": "USD", "grossProfit": "273219000", "totalRevenue": "632461000", "costOfRevenue": "359242000", "costofGoodsAndServicesSold": "359242000", "operatingIncome": "181190000", "sellingGeneralAndAdministrative": "21360000", "researchAndDevelopment": "None", "operatingExpenses": "92029000", "investmentIncomeNet": "None", "netInterestIncome": "-8819000", "interestIncome": "426000", "interestExpense": "9245000", "nonInterestIncome": "None", "otherNonOperatingIncome": "2726000", "depreciation": "None", "depreciationAndAmortization": "70669000", "incomeBeforeTax": "174672000", "incomeTaxExpense": "6600000", "interestAndDebtExpense": "None", "netIncomeFromContinuingOperations": "164971000", "comprehensiveIncomeNetOfTax": "None", "ebit": "180355000", "ebitda": "251024000", "netIncome": "167708000"}, {"fiscalDateEnding": "2022-06-30", "reportedCurrency": "USD", "grossProfit": "267492000", "totalRevenue": "619878000", "costOfRevenue": "352386000", "costofGoodsAndServicesSold": "352386000", "operatingIncome": "177322000", "sellingGeneralAndAdministrative": "22480000", "researchAndDevelopment": "None", "operatingExpenses": "90170000", "investmentIncomeNet": "None", "netInterestIncome": "-9304000", "interestIncome": "93000", "interestExpense": "9397000", "nonInterestIncome": "None", "otherNonOperatingIncome": "2257000", "depreciation": "None", "depreciationAndAmortization": "67690000", "incomeBeforeTax": "170182000", "incomeTaxExpense": "6331000", "interestAndDebtExpense": "None", "netIncomeFromContinuingOperations": "161801000", "comprehensiveIncomeNetOfTax": "None", "ebit": "176507000", "ebitda": "244197000", "netIncome": "163528000"}, {"fiscalDateEnding": "2022-03-31", "reportedCurrency": "USD", "grossProfit": "172027000", "totalRevenue": "463422000", "costOfRevenue": "291395000", "costofGoodsAndServicesSold": "291395000", "operatingIncome": "89265000", "sellingGeneralAndAdministrative": "18622000", "researchAndDevelopment": "None", "operatingExpenses": "82762000", "investmentIncomeNet": "None", "netInterestIncome": "-9627000", "interestIncome": "35000", "interestExpense": "9662000", "nonInterestIncome": "None", "otherNonOperatingIncome": "1484000", "depreciation": "None", "depreciationAndAmortization": "64140000", "incomeBeforeTax": "81088000", "incomeTaxExpense": "42715000", "interestAndDebtExpense": "None", "netIncomeFromContinuingOperations": "36942000", "comprehensiveIncomeNetOfTax": "None", "ebit": "88461000", "ebitda": "152601000", "netIncome": "38083000"}, {"fiscalDateEnding": "2021-12-31", "reportedCurrency": "USD", "grossProfit": "79649000", "totalRevenue": "473472000", "costOfRevenue": "393823000", "costofGoodsAndServicesSold": "393823000", "operatingIncome": "61140000", "sellingGeneralAndAdministrative": "18509000", "researchAndDevelopment": "None", "operatingExpenses": "18509000", "investmentIncomeNet": "None", "netInterestIncome": "-9546000", "interestIncome": "37000", "interestExpense": "9583000", "nonInterestIncome": "None", "otherNonOperatingIncome": "673000", "depreciation": "None", "depreciationAndAmortization": "68679000", "incomeBeforeTax": "52230000", "incomeTaxExpense": "190000", "interestAndDebtExpense": "None", "netIncomeFromContinuingOperations": "52040000", "comprehensiveIncomeNetOfTax": "None", "ebit": "61813000", "ebitda": "130492000", "netIncome": "51826000"}, {"fiscalDateEnding": "2021-09-30", "reportedCurrency": "USD", "grossProfit": "154146000", "totalRevenue": "415439000", "costOfRevenue": "261293000", "costofGoodsAndServicesSold": "261293000", "operatingIncome": "66727999", "sellingGeneralAndAdministrative": "18655000", "researchAndDevelopment": "None", "operatingExpenses": "87418001", "investmentIncomeNet": "None", "netInterestIncome": "-9389000", "interestIncome": "19000", "interestExpense": "9408000", "nonInterestIncome": "None", "otherNonOperatingIncome": "638000", "depreciation": "None", "depreciationAndAmortization": "68763000", "incomeBeforeTax": "57958000", "incomeTaxExpense": "234000", "interestAndDebtExpense": "None", "netIncomeFromContinuingOperations": "57724000", "comprehensiveIncomeNetOfTax": "None", "ebit": "64672000", "ebitda": "133435000", "netIncome": "57548000"}, {"fiscalDateEnding": "2021-06-30", "reportedCurrency": "USD", "grossProfit": "72499000", "totalRevenue": "362443000", "costOfRevenue": "289944000", "costofGoodsAndServicesSold": "289944000", "operatingIncome": "55007000", "sellingGeneralAndAdministrative": "17492000", "researchAndDevelopment": "None", "operatingExpenses": "17492000", "investmentIncomeNet": "None", "netInterestIncome": "-9827000", "interestIncome": "15000", "interestExpense": "9842000", "nonInterestIncome": "None", "otherNonOperatingIncome": "-995000", "depreciation": "None", "depreciationAndAmortization": "-1125000", "incomeBeforeTax": "44170000", "incomeTaxExpense": "5000", "interestAndDebtExpense": "None", "netIncomeFromContinuingOperations": "44165000", "comprehensiveIncomeNetOfTax": "None", "ebit": "55007000", "ebitda": "53882000", "netIncome": "44035000"}, {"fiscalDateEnding": "2021-03-31", "reportedCurrency": "USD", "grossProfit": "111034000", "totalRevenue": "318622000", "costOfRevenue": "207588000", "costofGoodsAndServicesSold": "207588000", "operatingIncome": "36328000", "sellingGeneralAndAdministrative": "15504000", "researchAndDevelopment": "None", "operatingExpenses": "74706000", "investmentIncomeNet": "None", "netInterestIncome": "-10379000", "interestIncome": "17000", "interestExpense": "10396000", "nonInterestIncome": "None", "otherNonOperatingIncome": "-1118000", "depreciation": "None", "depreciationAndAmortization": "-1196000", "incomeBeforeTax": "24814000", "incomeTaxExpense": "-12000", "interestAndDebtExpense": "None", "netIncomeFromContinuingOperations": "24826000", "comprehensiveIncomeNetOfTax": "None", "ebit": "36328000", "ebitda": "35132000", "netIncome": "24748000"}, {"fiscalDateEnding": "2020-12-31", "reportedCurrency": "USD", "grossProfit": "139983000", "totalRevenue": "366513000", "costOfRevenue": "226530000", "costofGoodsAndServicesSold": "226530000", "operatingIncome": "45583000", "sellingGeneralAndAdministrative": "18675000", "researchAndDevelopment": "None", "operatingExpenses": "94400000", "investmentIncomeNet": "None", "netInterestIncome": "-10679000", "interestIncome": "23000", "interestExpense": "10702000", "nonInterestIncome": "None", "otherNonOperatingIncome": "143000", "depreciation": "None", "depreciationAndAmortization": "0.31", "incomeBeforeTax": "35024000", "incomeTaxExpense": "-76000", "interestAndDebtExpense": "None", "netIncomeFromContinuingOperations": "35100000", "comprehensiveIncomeNetOfTax": "None", "ebit": "45583000", "ebitda": "45583000.31", "netIncome": "35028000"}, {"fiscalDateEnding": "2020-09-30", "reportedCurrency": "USD", "grossProfit": "133398000", "totalRevenue": "355651000", "costOfRevenue": "222253000", "costofGoodsAndServicesSold": "222253000", "operatingIncome": "39345000", "sellingGeneralAndAdministrative": "13871000", "researchAndDevelopment": "None", "operatingExpenses": "94053000", "investmentIncomeNet": "None", "netInterestIncome": "-11156000", "interestIncome": "30000", "interestExpense": "11186000", "nonInterestIncome": "None", "otherNonOperatingIncome": "-631000", "depreciation": "None", "depreciationAndAmortization": "-667000", "incomeBeforeTax": "27528000", "incomeTaxExpense": "293000", "interestAndDebtExpense": "None", "netIncomeFromContinuingOperations": "27235000", "comprehensiveIncomeNetOfTax": "None", "ebit": "39345000", "ebitda": "38678000", "netIncome": "27199000"}, {"fiscalDateEnding": "2020-06-30", "reportedCurrency": "USD", "grossProfit": "-21278000", "totalRevenue": "255202000", "costOfRevenue": "276480000", "costofGoodsAndServicesSold": "276480000", "operatingIncome": "-35100000", "sellingGeneralAndAdministrative": "13822000", "researchAndDevelopment": "None", "operatingExpenses": "13822000", "investmentIncomeNet": "None", "netInterestIncome": "-11416000", "interestIncome": "30000", "interestExpense": "11446000", "nonInterestIncome": "None", "otherNonOperatingIncome": "-210000", "depreciation": "None", "depreciationAndAmortization": "83559000", "incomeBeforeTax": "-46756000", "incomeTaxExpense": "-77000", "interestAndDebtExpense": "None", "netIncomeFromContinuingOperations": "-46679000", "comprehensiveIncomeNetOfTax": "None", "ebit": "-35310000", "ebitda": "48249000", "netIncome": "-46664000"}, {"fiscalDateEnding": "2020-03-31", "reportedCurrency": "USD", "grossProfit": "272103000", "totalRevenue": "350763000", "costOfRevenue": "78660000", "costofGoodsAndServicesSold": "78660000", "operatingIncome": "-132680000", "sellingGeneralAndAdministrative": "13438000", "researchAndDevelopment": "None", "operatingExpenses": "247780000", "investmentIncomeNet": "None", "netInterestIncome": "-12227000", "interestIncome": "52000", "interestExpense": "12279000", "nonInterestIncome": "None", "otherNonOperatingIncome": "147000", "depreciation": "None", "depreciationAndAmortization": "71000", "incomeBeforeTax": "-144812000", "incomeTaxExpense": "-105000", "interestAndDebtExpense": "None", "netIncomeFromContinuingOperations": "-144707000", "comprehensiveIncomeNetOfTax": "None", "ebit": "-132680000", "ebitda": "-132609000", "netIncome": "-144783000"}, {"fiscalDateEnding": "2019-12-31", "reportedCurrency": "USD", "grossProfit": "340605000", "totalRevenue": "453338000", "costOfRevenue": "112733000", "costofGoodsAndServicesSold": "112733000", "operatingIncome": "35981000", "sellingGeneralAndAdministrative": "17779000", "researchAndDevelopment": "None", "operatingExpenses": "304624000", "investmentIncomeNet": "None", "netInterestIncome": "-11986000", "interestIncome": "58000", "interestExpense": "12044000", "nonInterestIncome": "None", "otherNonOperatingIncome": "None", "depreciation": "None", "depreciationAndAmortization": "1554000", "incomeBeforeTax": "25596000", "incomeTaxExpense": "-341000", "interestAndDebtExpense": "None", "netIncomeFromContinuingOperations": "25937000", "comprehensiveIncomeNetOfTax": "None", "ebit": "35981000", "ebitda": "37535000", "netIncome": "25832000"}, {"fiscalDateEnding": "2019-09-30", "reportedCurrency": "USD", "grossProfit": "361755000", "totalRevenue": "464726000", "costOfRevenue": "102971000", "costofGoodsAndServicesSold": "102971000", "operatingIncome": "50426000", "sellingGeneralAndAdministrative": "17885000", "researchAndDevelopment": "None", "operatingExpenses": "296139000", "investmentIncomeNet": "None", "netInterestIncome": "-11606000", "interestIncome": "92000", "interestExpense": "11698000", "nonInterestIncome": "None", "otherNonOperatingIncome": "None", "depreciation": "None", "depreciationAndAmortization": "406000", "incomeBeforeTax": "39251000", "incomeTaxExpense": "50000", "interestAndDebtExpense": "None", "netIncomeFromContinuingOperations": "39201000", "comprehensiveIncomeNetOfTax": "None", "ebit": "50426000", "ebitda": "50832000", "netIncome": "39084000"}, {"fiscalDateEnding": "2019-06-30", "reportedCurrency": "USD", "grossProfit": "402200000", "totalRevenue": "517054000", "costOfRevenue": "114854000", "costofGoodsAndServicesSold": "114854000", "operatingIncome": "68406000", "sellingGeneralAndAdministrative": "19521000", "researchAndDevelopment": "None", "operatingExpenses": "333794000", "investmentIncomeNet": "None", "netInterestIncome": "-10573000", "interestIncome": "138000", "interestExpense": "10711000", "nonInterestIncome": "None", "otherNonOperatingIncome": "None", "depreciation": "None", "depreciationAndAmortization": "561000", "incomeBeforeTax": "58370000", "incomeTaxExpense": "186000", "interestAndDebtExpense": "None", "netIncomeFromContinuingOperations": "58184000", "comprehensiveIncomeNetOfTax": "None", "ebit": "68406000", "ebitda": "68967000", "netIncome": "58070000"}, {"fiscalDateEnding": "2019-03-31", "reportedCurrency": "USD", "grossProfit": "425225000", "totalRevenue": "526602000", "costOfRevenue": "101377000", "costofGoodsAndServicesSold": "101377000", "operatingIncome": "104685000", "sellingGeneralAndAdministrative": "17812000", "researchAndDevelopment": "None", "operatingExpenses": "320540000", "investmentIncomeNet": "None", "netInterestIncome": "-11331000", "interestIncome": "91000", "interestExpense": "11422000", "nonInterestIncome": "None", "otherNonOperatingIncome": "190235000", "depreciation": "None", "depreciationAndAmortization": "183059000", "incomeBeforeTax": "283498000", "incomeTaxExpense": "-106000", "interestAndDebtExpense": "None", "netIncomeFromContinuingOperations": "283604000", "comprehensiveIncomeNetOfTax": "None", "ebit": "104685000", "ebitda": "287744000", "netIncome": "276428000"}, {"fiscalDateEnding": "2018-12-31", "reportedCurrency": "USD", "grossProfit": "108544000", "totalRevenue": "531840000", "costOfRevenue": "423296000", "costofGoodsAndServicesSold": "423296000", "operatingIncome": "89759000", "sellingGeneralAndAdministrative": "18785000", "researchAndDevelopment": "0", "operatingExpenses": "18785000", "investmentIncomeNet": "None", "netInterestIncome": "None", "interestIncome": "None", "interestExpense": "9565000", "nonInterestIncome": "None", "otherNonOperatingIncome": "11381000", "depreciation": "None", "depreciationAndAmortization": "76031000", "incomeBeforeTax": "51092000", "incomeTaxExpense": "24000", "interestAndDebtExpense": "None", "netIncomeFromContinuingOperations": "51068000", "comprehensiveIncomeNetOfTax": "None", "ebit": "60657000", "ebitda": "136688000", "netIncome": "49800000"}, {"fiscalDateEnding": "2018-09-30", "reportedCurrency": "USD", "grossProfit": "398865000", "totalRevenue": "497758000", "costOfRevenue": "98893000", "costofGoodsAndServicesSold": "98893000", "operatingIncome": "74625000", "sellingGeneralAndAdministrative": "15836000", "researchAndDevelopment": "0", "operatingExpenses": "324240000", "investmentIncomeNet": "None", "netInterestIncome": "None", "interestIncome": "None", "interestExpense": "9840000", "nonInterestIncome": "None", "otherNonOperatingIncome": "9189000", "depreciation": "None", "depreciationAndAmortization": "8953000", "incomeBeforeTax": "73974000", "incomeTaxExpense": "5000", "interestAndDebtExpense": "None", "netIncomeFromContinuingOperations": "73969000", "comprehensiveIncomeNetOfTax": "None", "ebit": "74625000", "ebitda": "83578000", "netIncome": "73733000"}, {"fiscalDateEnding": "2018-06-30", "reportedCurrency": "USD", "grossProfit": "105186000", "totalRevenue": "516136999", "costOfRevenue": "410951000", "costofGoodsAndServicesSold": "410951000", "operatingIncome": "88160000", "sellingGeneralAndAdministrative": "17026000", "researchAndDevelopment": "0", "operatingExpenses": "17026000", "investmentIncomeNet": "None", "netInterestIncome": "None", "interestIncome": "None", "interestExpense": "9955000", "nonInterestIncome": "None", "otherNonOperatingIncome": "8175000", "depreciation": "None", "depreciationAndAmortization": "72150000", "incomeBeforeTax": "86380000", "incomeTaxExpense": "3000", "interestAndDebtExpense": "None", "netIncomeFromContinuingOperations": "86377000", "comprehensiveIncomeNetOfTax": "None", "ebit": "96335000", "ebitda": "168485000", "netIncome": "86190000"}, {"fiscalDateEnding": "2018-03-31", "reportedCurrency": "USD", "grossProfit": "96877000", "totalRevenue": "457122000", "costOfRevenue": "360245000", "costofGoodsAndServicesSold": "360245000", "operatingIncome": "80226000", "sellingGeneralAndAdministrative": "16651000", "researchAndDevelopment": "0", "operatingExpenses": "16651000", "investmentIncomeNet": "None", "netInterestIncome": "None", "interestIncome": "None", "interestExpense": "10858000", "nonInterestIncome": "None", "otherNonOperatingIncome": "6678000", "depreciation": "None", "depreciationAndAmortization": "61848000", "incomeBeforeTax": "156046000", "incomeTaxExpense": "-10000", "interestAndDebtExpense": "None", "netIncomeFromContinuingOperations": "156056000", "comprehensiveIncomeNetOfTax": "None", "ebit": "166904000", "ebitda": "228752000", "netIncome": "151529000"}, {"fiscalDateEnding": "2017-12-31", "reportedCurrency": "USD", "grossProfit": "94165000", "totalRevenue": "483231000", "costOfRevenue": "389066000", "costofGoodsAndServicesSold": "389066000", "operatingIncome": "78387000", "sellingGeneralAndAdministrative": "15778000", "researchAndDevelopment": "0", "operatingExpenses": "15778000", "investmentIncomeNet": "None", "netInterestIncome": "None", "interestIncome": "None", "interestExpense": "10481000", "nonInterestIncome": "None", "otherNonOperatingIncome": "7575000", "depreciation": "None", "depreciationAndAmortization": "74872000", "incomeBeforeTax": "74586000", "incomeTaxExpense": "213000", "interestAndDebtExpense": "None", "netIncomeFromContinuingOperations": "74373000", "comprehensiveIncomeNetOfTax": "None", "ebit": "85067000", "ebitda": "159939000", "netIncome": "72523000"}, {"fiscalDateEnding": "2017-09-30", "reportedCurrency": "USD", "grossProfit": "80721000", "totalRevenue": "453189000", "costOfRevenue": "372468000", "costofGoodsAndServicesSold": "372468000", "operatingIncome": "65715999", "sellingGeneralAndAdministrative": "15005000", "researchAndDevelopment": "0", "operatingExpenses": "15005000", "investmentIncomeNet": "None", "netInterestIncome": "None", "interestIncome": "None", "interestExpense": "10773000", "nonInterestIncome": "None", "otherNonOperatingIncome": "7376000", "depreciation": "None", "depreciationAndAmortization": "69962000", "incomeBeforeTax": "61431000", "incomeTaxExpense": "5000", "interestAndDebtExpense": "None", "netIncomeFromContinuingOperations": "61426000", "comprehensiveIncomeNetOfTax": "None", "ebit": "72204000", "ebitda": "142166000", "netIncome": "59534000"}, {"fiscalDateEnding": "2017-06-30", "reportedCurrency": "USD", "grossProfit": "94468000", "totalRevenue": "398720000", "costOfRevenue": "304252000", "costofGoodsAndServicesSold": "304252000", "operatingIncome": "79524000", "sellingGeneralAndAdministrative": "14944000", "researchAndDevelopment": "0", "operatingExpenses": "14944000", "investmentIncomeNet": "None", "netInterestIncome": "None", "interestIncome": "None", "interestExpense": "10615000", "nonInterestIncome": "None", "otherNonOperatingIncome": "-4789000", "depreciation": "None", "depreciationAndAmortization": "59020000", "incomeBeforeTax": "63356000", "incomeTaxExpense": "4000", "interestAndDebtExpense": "None", "netIncomeFromContinuingOperations": "63352000", "comprehensiveIncomeNetOfTax": "None", "ebit": "73971000", "ebitda": "132991000", "netIncome": "61523000"}, {"fiscalDateEnding": "2017-03-31", "reportedCurrency": "USD", "grossProfit": "123565000", "totalRevenue": "461080000", "costOfRevenue": "337515000", "costofGoodsAndServicesSold": "337515000", "operatingIncome": "107532000", "sellingGeneralAndAdministrative": "16033000", "researchAndDevelopment": "0", "operatingExpenses": "16033000", "investmentIncomeNet": "None", "netInterestIncome": "None", "interestIncome": "None", "interestExpense": "7516000", "nonInterestIncome": "None", "otherNonOperatingIncome": "5022000", "depreciation": "None", "depreciationAndAmortization": "65126999", "incomeBeforeTax": "105038000", "incomeTaxExpense": "-12000", "interestAndDebtExpense": "None", "netIncomeFromContinuingOperations": "105050000", "comprehensiveIncomeNetOfTax": "None", "ebit": "112554001", "ebitda": "177681000", "netIncome": "82325000"}, {"fiscalDateEnding": "2016-12-31", "reportedCurrency": "USD", "grossProfit": "143817000", "totalRevenue": "527400000", "costOfRevenue": "383583000", "costofGoodsAndServicesSold": "383583000", "operatingIncome": "124303000", "sellingGeneralAndAdministrative": "19514000", "researchAndDevelopment": "0", "operatingExpenses": "19514000", "investmentIncomeNet": "None", "netInterestIncome": "None", "interestIncome": "None", "interestExpense": "7283000", "nonInterestIncome": "None", "otherNonOperatingIncome": "2684000", "depreciation": "None", "depreciationAndAmortization": "81869000", "incomeBeforeTax": "119704000", "incomeTaxExpense": "9000", "interestAndDebtExpense": "None", "netIncomeFromContinuingOperations": "119695000", "comprehensiveIncomeNetOfTax": "None", "ebit": "126987000", "ebitda": "208856000", "netIncome": "96899000"}, {"fiscalDateEnding": "2016-09-30", "reportedCurrency": "USD", "grossProfit": "114545000", "totalRevenue": "552074000", "costOfRevenue": "437529000", "costofGoodsAndServicesSold": "437529000", "operatingIncome": "96431000", "sellingGeneralAndAdministrative": "18114000", "researchAndDevelopment": "0", "operatingExpenses": "18114000", "investmentIncomeNet": "None", "netInterestIncome": "None", "interestIncome": "None", "interestExpense": "8000999", "nonInterestIncome": "None", "otherNonOperatingIncome": "1401000", "depreciation": "None", "depreciationAndAmortization": "80612000", "incomeBeforeTax": "89831000", "incomeTaxExpense": "7000", "interestAndDebtExpense": "None", "netIncomeFromContinuingOperations": "89824000", "comprehensiveIncomeNetOfTax": "None", "ebit": "97832000", "ebitda": "178444000", "netIncome": "67348000"}, {"fiscalDateEnding": "2016-06-30", "reportedCurrency": "USD", "grossProfit": "181721000", "totalRevenue": "439150000", "costOfRevenue": "257429000", "costofGoodsAndServicesSold": "257429000", "operatingIncome": "90361000", "sellingGeneralAndAdministrative": "17663000", "researchAndDevelopment": "0", "operatingExpenses": "-91236000", "investmentIncomeNet": "None", "netInterestIncome": "None", "interestIncome": "None", "interestExpense": "7770000", "nonInterestIncome": "None", "otherNonOperatingIncome": "126000", "depreciation": "None", "depreciationAndAmortization": "-73697000", "incomeBeforeTax": "82717000", "incomeTaxExpense": "6000", "interestAndDebtExpense": "None", "netIncomeFromContinuingOperations": "82711000", "comprehensiveIncomeNetOfTax": "None", "ebit": "164184000", "ebitda": "90487000", "netIncome": "60623000"}, {"fiscalDateEnding": "2016-03-31", "reportedCurrency": "USD", "grossProfit": "142692000", "totalRevenue": "412829000", "costOfRevenue": "270137000", "costofGoodsAndServicesSold": "270137000", "operatingIncome": "54847000", "sellingGeneralAndAdministrative": "17238000", "researchAndDevelopment": "0", "operatingExpenses": "-87781000", "investmentIncomeNet": "None", "netInterestIncome": "None", "interestIncome": "None", "interestExpense": "7615000", "nonInterestIncome": "None", "otherNonOperatingIncome": "67000", "depreciation": "None", "depreciationAndAmortization": "-70607000", "incomeBeforeTax": "47299000", "incomeTaxExpense": "-9000", "interestAndDebtExpense": "None", "netIncomeFromContinuingOperations": "47308000", "comprehensiveIncomeNetOfTax": "None", "ebit": "125521000", "ebitda": "54914000", "netIncome": "26713000"}, {"fiscalDateEnding": "2015-12-31", "reportedCurrency": "USD", "grossProfit": "201778000", "totalRevenue": "542152000", "costOfRevenue": "340374000", "costofGoodsAndServicesSold": "340374000", "operatingIncome": "6212000", "sellingGeneralAndAdministrative": "15148000", "researchAndDevelopment": "0", "operatingExpenses": "-172810000", "investmentIncomeNet": "None", "netInterestIncome": "None", "interestIncome": "None", "interestExpense": "7527000", "nonInterestIncome": "None", "otherNonOperatingIncome": "246000", "depreciation": "None", "depreciationAndAmortization": "-183610000", "incomeBeforeTax": "21479000", "incomeTaxExpense": "4000", "interestAndDebtExpense": "None", "netIncomeFromContinuingOperations": "21475000", "comprehensiveIncomeNetOfTax": "None", "ebit": "-77296300", "ebitda": "-260906300", "netIncome": "-13652000"}, {"fiscalDateEnding": "2015-09-30", "reportedCurrency": "USD", "grossProfit": "220521000", "totalRevenue": "566445000", "costOfRevenue": "345924000", "costofGoodsAndServicesSold": "345924000", "operatingIncome": "107217000", "sellingGeneralAndAdministrative": "17948000", "researchAndDevelopment": "0", "operatingExpenses": "-130070000", "investmentIncomeNet": "None", "netInterestIncome": "None", "interestIncome": "None", "interestExpense": "7352000", "nonInterestIncome": "None", "otherNonOperatingIncome": "-16481000", "depreciation": "None", "depreciationAndAmortization": "-95356000", "incomeBeforeTax": "83384000", "incomeTaxExpense": "12000", "interestAndDebtExpense": "None", "netIncomeFromContinuingOperations": "83372000", "comprehensiveIncomeNetOfTax": "None", "ebit": "186092000", "ebitda": "90736000", "netIncome": "45188000"}, {"fiscalDateEnding": "2015-06-30", "reportedCurrency": "USD", "grossProfit": "221873000", "totalRevenue": "604720000", "costOfRevenue": "382847000", "costofGoodsAndServicesSold": "382847000", "operatingIncome": "124530000", "sellingGeneralAndAdministrative": "17542000", "researchAndDevelopment": "0", "operatingExpenses": "-119308000", "investmentIncomeNet": "None", "netInterestIncome": "None", "interestIncome": "None", "interestExpense": "8306000", "nonInterestIncome": "None", "otherNonOperatingIncome": "-21360000", "depreciation": "None", "depreciationAndAmortization": "-79801000", "incomeBeforeTax": "94864000", "incomeTaxExpense": "7000", "interestAndDebtExpense": "None", "netIncomeFromContinuingOperations": "94857000", "comprehensiveIncomeNetOfTax": "None", "ebit": "182971000", "ebitda": "103170000", "netIncome": "56338000"}, {"fiscalDateEnding": "2015-03-31", "reportedCurrency": "USD", "grossProfit": "218584000", "totalRevenue": "560416000", "costOfRevenue": "341832000", "costofGoodsAndServicesSold": "341832000", "operatingIncome": "123470000", "sellingGeneralAndAdministrative": "16846000", "researchAndDevelopment": "0", "operatingExpenses": "-104682000", "investmentIncomeNet": "None", "netInterestIncome": "None", "interestIncome": "None", "interestExpense": "7968000", "nonInterestIncome": "None", "otherNonOperatingIncome": "-9037000", "depreciation": "None", "depreciationAndAmortization": "-78268000", "incomeBeforeTax": "106465000", "incomeTaxExpense": "-2000", "interestAndDebtExpense": "None", "netIncomeFromContinuingOperations": "106467000", "comprehensiveIncomeNetOfTax": "None", "ebit": "192701000", "ebitda": "114433000", "netIncome": "68413000"}, {"fiscalDateEnding": "2014-12-31", "reportedCurrency": "USD", "grossProfit": "223526000", "totalRevenue": "590793000", "costOfRevenue": "367267000", "costofGoodsAndServicesSold": "367267000", "operatingIncome": "134148000", "sellingGeneralAndAdministrative": "18351000", "researchAndDevelopment": "0", "operatingExpenses": "-92092000", "investmentIncomeNet": "None", "netInterestIncome": "None", "interestIncome": "None", "interestExpense": "8189000", "nonInterestIncome": "None", "otherNonOperatingIncome": "-2281000", "depreciation": "None", "depreciationAndAmortization": "-73757000", "incomeBeforeTax": "123678000", "incomeTaxExpense": "-11130000", "interestAndDebtExpense": "None", "netIncomeFromContinuingOperations": "123678000", "comprehensiveIncomeNetOfTax": "None", "ebit": "205624000", "ebitda": "131867000", "netIncome": "87475000"}, {"fiscalDateEnding": "2014-09-30", "reportedCurrency": "USD", "grossProfit": "214154000", "totalRevenue": "569328000", "costOfRevenue": "355174000", "costofGoodsAndServicesSold": "355174000", "operatingIncome": "127513000", "sellingGeneralAndAdministrative": "16995000", "researchAndDevelopment": "0", "operatingExpenses": "-86024000", "investmentIncomeNet": "None", "netInterestIncome": "None", "interestIncome": "None", "interestExpense": "8584000", "nonInterestIncome": "None", "otherNonOperatingIncome": "1049000", "depreciation": "None", "depreciationAndAmortization": "-69646000", "incomeBeforeTax": "119978000", "incomeTaxExpense": "175944000", "interestAndDebtExpense": "None", "netIncomeFromContinuingOperations": "119978000", "comprehensiveIncomeNetOfTax": "None", "ebit": "266805000", "ebitda": "197159000", "netIncome": "83326000"}, {"fiscalDateEnding": "2014-06-30", "reportedCurrency": "USD", "grossProfit": "232857000", "totalRevenue": "598562000", "costOfRevenue": "365705000", "costofGoodsAndServicesSold": "365705000", "operatingIncome": "146034000", "sellingGeneralAndAdministrative": "19771000", "researchAndDevelopment": "0", "operatingExpenses": "-86873000", "investmentIncomeNet": "None", "netInterestIncome": "None", "interestIncome": "None", "interestExpense": "8748000", "nonInterestIncome": "None", "otherNonOperatingIncome": "-6633000", "depreciation": "None", "depreciationAndAmortization": "-67052000", "incomeBeforeTax": "137653000", "incomeTaxExpense": "170500000", "interestAndDebtExpense": "None", "netIncomeFromContinuingOperations": "137653000", "comprehensiveIncomeNetOfTax": "None", "ebit": "213453000", "ebitda": "146401000", "netIncome": "101257000"}, {"fiscalDateEnding": "2014-03-31", "reportedCurrency": "USD", "grossProfit": "213789000", "totalRevenue": "542038000", "costOfRevenue": "328249000", "costofGoodsAndServicesSold": "328249000", "operatingIncome": "129513000", "sellingGeneralAndAdministrative": "17435000", "researchAndDevelopment": "0", "operatingExpenses": "-90211000", "investmentIncomeNet": "None", "netInterestIncome": "None", "interestIncome": "None", "interestExpense": "8063000", "nonInterestIncome": "None", "otherNonOperatingIncome": "-5546000", "depreciation": "None", "depreciationAndAmortization": "-66841000", "incomeBeforeTax": "115904000", "incomeTaxExpense": "168317000", "interestAndDebtExpense": "None", "netIncomeFromContinuingOperations": "115904000", "comprehensiveIncomeNetOfTax": "None", "ebit": "263195000", "ebitda": "196354000", "netIncome": "81269000"}, {"fiscalDateEnding": "2013-12-31", "reportedCurrency": "USD", "grossProfit": "200815000", "totalRevenue": "566706000", "costOfRevenue": "365891000", "costofGoodsAndServicesSold": "365891000", "operatingIncome": "117631000", "sellingGeneralAndAdministrative": "16961000", "researchAndDevelopment": "0", "operatingExpenses": "-91177000", "investmentIncomeNet": "None", "netInterestIncome": "None", "interestIncome": "None", "interestExpense": "8040000", "nonInterestIncome": "None", "otherNonOperatingIncome": "-7595000", "depreciation": "None", "depreciationAndAmortization": "-69227000", "incomeBeforeTax": "101996000", "incomeTaxExpense": "2703000", "interestAndDebtExpense": "None", "netIncomeFromContinuingOperations": "99293000", "comprehensiveIncomeNetOfTax": "None", "ebit": "179263000", "ebitda": "110036000", "netIncome": "68407000"}, {"fiscalDateEnding": "2013-09-30", "reportedCurrency": "USD", "grossProfit": "182794000", "totalRevenue": "537229000", "costOfRevenue": "354435000", "costofGoodsAndServicesSold": "354435000", "operatingIncome": "101802000", "sellingGeneralAndAdministrative": "14893000", "researchAndDevelopment": "0", "operatingExpenses": "-90410000", "investmentIncomeNet": "None", "netInterestIncome": "None", "interestIncome": "None", "interestExpense": "6168000", "nonInterestIncome": "None", "otherNonOperatingIncome": "-5366000", "depreciation": "None", "depreciationAndAmortization": "-66099000", "incomeBeforeTax": "86468000", "incomeTaxExpense": "-718000", "interestAndDebtExpense": "None", "netIncomeFromContinuingOperations": "87186000", "comprehensiveIncomeNetOfTax": "None", "ebit": "158735000", "ebitda": "92636000", "netIncome": "55370000"}, {"fiscalDateEnding": "2013-06-30", "reportedCurrency": "USD", "grossProfit": "200373000", "totalRevenue": "553571000", "costOfRevenue": "353198000", "costofGoodsAndServicesSold": "353198000", "operatingIncome": "115569000", "sellingGeneralAndAdministrative": "16597000", "researchAndDevelopment": "0", "operatingExpenses": "-90150000", "investmentIncomeNet": "None", "netInterestIncome": "None", "interestIncome": "None", "interestExpense": "6218000", "nonInterestIncome": "None", "otherNonOperatingIncome": "-5168000", "depreciation": "None", "depreciationAndAmortization": "-68207000", "incomeBeforeTax": "104183000", "incomeTaxExpense": "109000", "interestAndDebtExpense": "None", "netIncomeFromContinuingOperations": "104074000", "comprehensiveIncomeNetOfTax": "None", "ebit": "178608000", "ebitda": "110401000", "netIncome": "72484000"}, {"fiscalDateEnding": "2013-03-31", "reportedCurrency": "USD", "grossProfit": "191944000", "totalRevenue": "548055000", "costOfRevenue": "356111000", "costofGoodsAndServicesSold": "356111000", "operatingIncome": "112316000", "sellingGeneralAndAdministrative": "15246000", "researchAndDevelopment": "0", "operatingExpenses": "-83221000", "investmentIncomeNet": "None", "netInterestIncome": "None", "interestIncome": "None", "interestExpense": "6618000", "nonInterestIncome": "None", "otherNonOperatingIncome": "-3459000", "depreciation": "None", "depreciationAndAmortization": "-64382000", "incomeBeforeTax": "102239000", "incomeTaxExpense": "-698000", "interestAndDebtExpense": "None", "netIncomeFromContinuingOperations": "102937000", "comprehensiveIncomeNetOfTax": "None", "ebit": "173239000", "ebitda": "108857000", "netIncome": "72166000"}, {"fiscalDateEnding": "2012-12-31", "reportedCurrency": "USD", "grossProfit": "184694000", "totalRevenue": "549410000", "costOfRevenue": "364716000", "costofGoodsAndServicesSold": "364716000", "operatingIncome": "106697000", "sellingGeneralAndAdministrative": "14798000", "researchAndDevelopment": "0", "operatingExpenses": "-81345000", "investmentIncomeNet": "None", "netInterestIncome": "None", "interestIncome": "None", "interestExpense": "7067000", "nonInterestIncome": "None", "otherNonOperatingIncome": "-3357000", "depreciation": "None", "depreciationAndAmortization": "-66052000", "incomeBeforeTax": "96282000", "incomeTaxExpense": "-356000", "interestAndDebtExpense": "None", "netIncomeFromContinuingOperations": "96638000", "comprehensiveIncomeNetOfTax": "None", "ebit": "169392000", "ebitda": "103340000", "netIncome": "68889000"}, {"fiscalDateEnding": "2012-09-30", "reportedCurrency": "USD", "grossProfit": "162748000", "totalRevenue": "511441000", "costOfRevenue": "348693000", "costofGoodsAndServicesSold": "348693000", "operatingIncome": "89369000", "sellingGeneralAndAdministrative": "13598000", "researchAndDevelopment": "0", "operatingExpenses": "-94988000", "investmentIncomeNet": "None", "netInterestIncome": "None", "interestIncome": "None", "interestExpense": "7446000", "nonInterestIncome": "None", "otherNonOperatingIncome": "-2484000", "depreciation": "None", "depreciationAndAmortization": "-59781000", "incomeBeforeTax": "60408000", "incomeTaxExpense": "-102000", "interestAndDebtExpense": "None", "netIncomeFromContinuingOperations": "60510000", "comprehensiveIncomeNetOfTax": "None", "ebit": "127635000", "ebitda": "67854000", "netIncome": "32716000"}, {"fiscalDateEnding": "2012-06-30", "reportedCurrency": "USD", "grossProfit": "173622000", "totalRevenue": "529864000", "costOfRevenue": "356242000", "costofGoodsAndServicesSold": "356242000", "operatingIncome": "105461000", "sellingGeneralAndAdministrative": "16052000", "researchAndDevelopment": "0", "operatingExpenses": "-70207000", "investmentIncomeNet": "None", "netInterestIncome": "None", "interestIncome": "None", "interestExpense": "8268000", "nonInterestIncome": "None", "otherNonOperatingIncome": "-1995000", "depreciation": "None", "depreciationAndAmortization": "-52109000", "incomeBeforeTax": "95198000", "incomeTaxExpense": "-257000", "interestAndDebtExpense": "None", "netIncomeFromContinuingOperations": "95455000", "comprehensiveIncomeNetOfTax": "None", "ebit": "155575000", "ebitda": "103466000", "netIncome": "67390000"}, {"fiscalDateEnding": "2012-03-31", "reportedCurrency": "USD", "grossProfit": "149305000", "totalRevenue": "443586000", "costOfRevenue": "294281000", "costofGoodsAndServicesSold": "294281000", "operatingIncome": "91983000", "sellingGeneralAndAdministrative": "14289000", "researchAndDevelopment": "0", "operatingExpenses": "57322000", "investmentIncomeNet": "None", "netInterestIncome": "None", "interestIncome": "None", "interestExpense": "5912000", "nonInterestIncome": "None", "otherNonOperatingIncome": "-3470000", "depreciation": "None", "depreciationAndAmortization": "-43033000", "incomeBeforeTax": "82601000", "incomeTaxExpense": "-367000", "interestAndDebtExpense": "None", "netIncomeFromContinuingOperations": "82968000", "comprehensiveIncomeNetOfTax": "None", "ebit": "131546000", "ebitda": "88513000", "netIncome": "82968000"}, {"fiscalDateEnding": "2011-12-31", "reportedCurrency": "USD", "grossProfit": "146593000", "totalRevenue": "474609000", "costOfRevenue": "328016000", "costofGoodsAndServicesSold": "328016000", "operatingIncome": "89859000", "sellingGeneralAndAdministrative": "13636000", "researchAndDevelopment": "0", "operatingExpenses": "56734000", "investmentIncomeNet": "None", "netInterestIncome": "None", "interestIncome": "None", "interestExpense": "5294000", "nonInterestIncome": "None", "otherNonOperatingIncome": "-3661000", "depreciation": "None", "depreciationAndAmortization": "-1454700", "incomeBeforeTax": "91492000", "incomeTaxExpense": "-210000", "interestAndDebtExpense": "None", "netIncomeFromContinuingOperations": "91702000", "comprehensiveIncomeNetOfTax": "None", "ebit": "87652700", "ebitda": "86198000", "netIncome": "72139000"}, {"fiscalDateEnding": "2011-09-30", "reportedCurrency": "USD", "grossProfit": "165666000", "totalRevenue": "487747000", "costOfRevenue": "322081000", "costofGoodsAndServicesSold": "322081000", "operatingIncome": "112115000", "sellingGeneralAndAdministrative": "13276000", "researchAndDevelopment": "0", "operatingExpenses": "53551000", "investmentIncomeNet": "None", "netInterestIncome": "None", "interestIncome": "None", "interestExpense": "8782000", "nonInterestIncome": "None", "otherNonOperatingIncome": "443000", "depreciation": "None", "depreciationAndAmortization": "-40275000", "incomeBeforeTax": "103776000", "incomeTaxExpense": "-317000", "interestAndDebtExpense": "None", "netIncomeFromContinuingOperations": "104093000", "comprehensiveIncomeNetOfTax": "None", "ebit": "152833000", "ebitda": "112558000", "netIncome": "80619000"}, {"fiscalDateEnding": "2011-06-30", "reportedCurrency": "USD", "grossProfit": "159281000", "totalRevenue": "457946000", "costOfRevenue": "298665000", "costofGoodsAndServicesSold": "298665000", "operatingIncome": "107179000", "sellingGeneralAndAdministrative": "13002000", "researchAndDevelopment": "0", "operatingExpenses": "52102000", "investmentIncomeNet": "None", "netInterestIncome": "None", "interestIncome": "None", "interestExpense": "9156000", "nonInterestIncome": "None", "otherNonOperatingIncome": "480000", "depreciation": "None", "depreciationAndAmortization": "-39100000", "incomeBeforeTax": "98503000", "incomeTaxExpense": "325000", "interestAndDebtExpense": "None", "netIncomeFromContinuingOperations": "98178000", "comprehensiveIncomeNetOfTax": "None", "ebit": "146759000", "ebitda": "107659000", "netIncome": "75969000"}, {"fiscalDateEnding": "2011-03-31", "reportedCurrency": "USD", "grossProfit": "154051000", "totalRevenue": "423258000", "costOfRevenue": "269207000", "costofGoodsAndServicesSold": "269207000", "operatingIncome": "103769000", "sellingGeneralAndAdministrative": "12420000", "researchAndDevelopment": "0", "operatingExpenses": "50282000", "investmentIncomeNet": "None", "netInterestIncome": "None", "interestIncome": "None", "interestExpense": "9310000", "nonInterestIncome": "None", "otherNonOperatingIncome": "692000", "depreciation": "None", "depreciationAndAmortization": "-37862000", "incomeBeforeTax": "95151000", "incomeTaxExpense": "-229000", "interestAndDebtExpense": "None", "netIncomeFromContinuingOperations": "95380000", "comprehensiveIncomeNetOfTax": "None", "ebit": "142323000", "ebitda": "104461000", "netIncome": "95380000"}, {"fiscalDateEnding": "2010-12-31", "reportedCurrency": "USD", "grossProfit": "146132000", "totalRevenue": "418613000", "costOfRevenue": "272481000", "costofGoodsAndServicesSold": "272481000", "operatingIncome": "94626000", "sellingGeneralAndAdministrative": "14185000", "researchAndDevelopment": "0", "operatingExpenses": "51506000", "investmentIncomeNet": "None", "netInterestIncome": "None", "interestIncome": "None", "interestExpense": "7395000", "nonInterestIncome": "None", "otherNonOperatingIncome": "None", "depreciation": "None", "depreciationAndAmortization": "-613100", "incomeBeforeTax": "87522000", "incomeTaxExpense": "155000", "interestAndDebtExpense": "None", "netIncomeFromContinuingOperations": "0", "comprehensiveIncomeNetOfTax": "None", "ebit": "95530100", "ebitda": "94917000", "netIncome": "67610000"}, {"fiscalDateEnding": "2010-09-30", "reportedCurrency": "USD", "grossProfit": "133213000", "totalRevenue": "410448000", "costOfRevenue": "277235000", "costofGoodsAndServicesSold": "277235000", "operatingIncome": "81322000", "sellingGeneralAndAdministrative": "14304000", "researchAndDevelopment": "0", "operatingExpenses": "51891000", "investmentIncomeNet": "None", "netInterestIncome": "None", "interestIncome": "None", "interestExpense": "7633000", "nonInterestIncome": "None", "otherNonOperatingIncome": "507000", "depreciation": "None", "depreciationAndAmortization": "37587000", "incomeBeforeTax": "74196000", "incomeTaxExpense": "995000", "interestAndDebtExpense": "None", "netIncomeFromContinuingOperations": "73201000", "comprehensiveIncomeNetOfTax": "None", "ebit": "81829000", "ebitda": "119416000", "netIncome": "73201000"}, {"fiscalDateEnding": "2010-06-30", "reportedCurrency": "USD", "grossProfit": "140276000", "totalRevenue": "400343000", "costOfRevenue": "260067000", "costofGoodsAndServicesSold": "260067000", "operatingIncome": "92971000", "sellingGeneralAndAdministrative": "11628000", "researchAndDevelopment": "0", "operatingExpenses": "47305000", "investmentIncomeNet": "None", "netInterestIncome": "None", "interestIncome": "None", "interestExpense": "7439000", "nonInterestIncome": "None", "otherNonOperatingIncome": "352000", "depreciation": "None", "depreciationAndAmortization": "-35677000", "incomeBeforeTax": "85884000", "incomeTaxExpense": "423000", "interestAndDebtExpense": "None", "netIncomeFromContinuingOperations": "85461000", "comprehensiveIncomeNetOfTax": "None", "ebit": "129000000", "ebitda": "93323000", "netIncome": "85461000"}, {"fiscalDateEnding": "2010-03-31", "reportedCurrency": "USD", "grossProfit": "129847000", "totalRevenue": "380661000", "costOfRevenue": "250814000", "costofGoodsAndServicesSold": "250814000", "operatingIncome": "82850000", "sellingGeneralAndAdministrative": "10701000", "researchAndDevelopment": "0", "operatingExpenses": "46997000", "investmentIncomeNet": "None", "netInterestIncome": "None", "interestIncome": "None", "interestExpense": "7595000", "nonInterestIncome": "None", "otherNonOperatingIncome": "None", "depreciation": "None", "depreciationAndAmortization": "-36296000", "incomeBeforeTax": "75156000", "incomeTaxExpense": "168000", "interestAndDebtExpense": "None", "netIncomeFromContinuingOperations": "0", "comprehensiveIncomeNetOfTax": "None", "ebit": "119047000", "ebitda": "82751000", "netIncome": "74988000"}, {"fiscalDateEnding": "2009-12-31", "reportedCurrency": "USD", "grossProfit": "94148000", "totalRevenue": "298183000", "costOfRevenue": "204035000", "costofGoodsAndServicesSold": "204035000", "operatingIncome": "48274000", "sellingGeneralAndAdministrative": "12117000", "researchAndDevelopment": "0", "operatingExpenses": "45874000", "investmentIncomeNet": "None", "netInterestIncome": "None", "interestIncome": "None", "interestExpense": "7383000", "nonInterestIncome": "None", "otherNonOperatingIncome": "None", "depreciation": "None", "depreciationAndAmortization": "-1240500", "incomeBeforeTax": "41597000", "incomeTaxExpense": "-103000", "interestAndDebtExpense": "None", "netIncomeFromContinuingOperations": "0", "comprehensiveIncomeNetOfTax": "None", "ebit": "50262500", "ebitda": "49022000", "netIncome": "41742000"}, {"fiscalDateEnding": "2009-09-30", "reportedCurrency": "USD", "grossProfit": "82624000", "totalRevenue": "299644000", "costOfRevenue": "217020000", "costofGoodsAndServicesSold": "217020000", "operatingIncome": "44520000", "sellingGeneralAndAdministrative": "9959000", "researchAndDevelopment": "0", "operatingExpenses": "38104000", "investmentIncomeNet": "None", "netInterestIncome": "None", "interestIncome": "None", "interestExpense": "7675000", "nonInterestIncome": "None", "otherNonOperatingIncome": "None", "depreciation": "None", "depreciationAndAmortization": "-28145000", "incomeBeforeTax": "37083000", "incomeTaxExpense": "586000", "interestAndDebtExpense": "None", "netIncomeFromContinuingOperations": "0", "comprehensiveIncomeNetOfTax": "None", "ebit": "72850000", "ebitda": "44705000", "netIncome": "36444000"}, {"fiscalDateEnding": "2009-06-30", "reportedCurrency": "USD", "grossProfit": "86201000", "totalRevenue": "303904000", "costOfRevenue": "217703000", "costofGoodsAndServicesSold": "217703000", "operatingIncome": "48622000", "sellingGeneralAndAdministrative": "9307000", "researchAndDevelopment": "0", "operatingExpenses": "37579000", "investmentIncomeNet": "None", "netInterestIncome": "None", "interestIncome": "None", "interestExpense": "7808000", "nonInterestIncome": "None", "otherNonOperatingIncome": "None", "depreciation": "None", "depreciationAndAmortization": "28272000", "incomeBeforeTax": "41309000", "incomeTaxExpense": "-201000", "interestAndDebtExpense": "None", "netIncomeFromContinuingOperations": "0", "comprehensiveIncomeNetOfTax": "None", "ebit": "49117000", "ebitda": "77389000", "netIncome": "41460000"}, {"fiscalDateEnding": "2009-03-31", "reportedCurrency": "USD", "grossProfit": "117274000", "totalRevenue": "329300000", "costOfRevenue": "212026000", "costofGoodsAndServicesSold": "212026000", "operatingIncome": "80190000", "sellingGeneralAndAdministrative": "9734000", "researchAndDevelopment": "0", "operatingExpenses": "37084000", "investmentIncomeNet": "None", "netInterestIncome": "None", "interestIncome": "None", "interestExpense": "7981000", "nonInterestIncome": "None", "otherNonOperatingIncome": "None", "depreciation": "None", "depreciationAndAmortization": "-27350000", "incomeBeforeTax": "73066000", "incomeTaxExpense": "426000", "interestAndDebtExpense": "None", "netIncomeFromContinuingOperations": "0", "comprehensiveIncomeNetOfTax": "None", "ebit": "108268000", "ebitda": "80918000", "netIncome": "72511000"}, {"fiscalDateEnding": "2008-12-31", "reportedCurrency": "USD", "grossProfit": "71662000", "totalRevenue": "310947000", "costOfRevenue": "239285000", "costofGoodsAndServicesSold": "239285000", "operatingIncome": "31639000", "sellingGeneralAndAdministrative": "9042000", "researchAndDevelopment": "0", "operatingExpenses": "37233000", "investmentIncomeNet": "None", "netInterestIncome": "None", "interestIncome": "None", "interestExpense": "6306000", "nonInterestIncome": "None", "otherNonOperatingIncome": "None", "depreciation": "None", "depreciationAndAmortization": "-62534700", "incomeBeforeTax": "25357000", "incomeTaxExpense": "-153000", "interestAndDebtExpense": "None", "netIncomeFromContinuingOperations": "0", "comprehensiveIncomeNetOfTax": "None", "ebit": "87867700", "ebitda": "25333000", "netIncome": "25180000"}, {"fiscalDateEnding": "2008-09-30", "reportedCurrency": "USD", "grossProfit": "67753000", "totalRevenue": "285790000", "costOfRevenue": "218037000", "costofGoodsAndServicesSold": "218037000", "operatingIncome": "35166000", "sellingGeneralAndAdministrative": "7184000", "researchAndDevelopment": "0", "operatingExpenses": "32587000", "investmentIncomeNet": "None", "netInterestIncome": "None", "interestIncome": "None", "interestExpense": "8134000", "nonInterestIncome": "None", "otherNonOperatingIncome": "None", "depreciation": "None", "depreciationAndAmortization": "25403000", "incomeBeforeTax": "29381000", "incomeTaxExpense": "92000", "interestAndDebtExpense": "None", "netIncomeFromContinuingOperations": "0", "comprehensiveIncomeNetOfTax": "None", "ebit": "35166000", "ebitda": "60569000", "netIncome": "29136000"}, {"fiscalDateEnding": "2008-06-30", "reportedCurrency": "USD", "grossProfit": "69302000", "totalRevenue": "276224000", "costOfRevenue": "206922000", "costofGoodsAndServicesSold": "206922000", "operatingIncome": "39532000", "sellingGeneralAndAdministrative": "12119000", "researchAndDevelopment": "0", "operatingExpenses": "32560000", "investmentIncomeNet": "None", "netInterestIncome": "None", "interestIncome": "None", "interestExpense": "3250000", "nonInterestIncome": "None", "otherNonOperatingIncome": "None", "depreciation": "None", "depreciationAndAmortization": "21425000", "incomeBeforeTax": "36729000", "incomeTaxExpense": "-70000", "interestAndDebtExpense": "None", "netIncomeFromContinuingOperations": "0", "comprehensiveIncomeNetOfTax": "None", "ebit": "44154000", "ebitda": "65579000", "netIncome": "36697000"}, {"fiscalDateEnding": "2008-03-31", "reportedCurrency": "USD", "grossProfit": "77447000", "totalRevenue": "283588000", "costOfRevenue": "206141000", "costofGoodsAndServicesSold": "206141000", "operatingIncome": "45322000", "sellingGeneralAndAdministrative": "8831000", "researchAndDevelopment": "0", "operatingExpenses": "32125000", "investmentIncomeNet": "None", "netInterestIncome": "None", "interestIncome": "None", "interestExpense": "2988000", "nonInterestIncome": "None", "otherNonOperatingIncome": "None", "depreciation": "None", "depreciationAndAmortization": "23294000", "incomeBeforeTax": "42649000", "incomeTaxExpense": "-655000", "interestAndDebtExpense": "None", "netIncomeFromContinuingOperations": "0", "comprehensiveIncomeNetOfTax": "None", "ebit": "45637000", "ebitda": "68931000", "netIncome": "34007000"}, {"fiscalDateEnding": "2007-12-31", "reportedCurrency": "USD", "grossProfit": "75533000", "totalRevenue": "252428000", "costOfRevenue": "176895000", "costofGoodsAndServicesSold": "176895000", "operatingIncome": "42136000", "sellingGeneralAndAdministrative": "11109000", "researchAndDevelopment": "0", "operatingExpenses": "33397000", "investmentIncomeNet": "None", "netInterestIncome": "None", "interestIncome": "None", "interestExpense": "11700", "nonInterestIncome": "None", "otherNonOperatingIncome": "None", "depreciation": "None", "depreciationAndAmortization": "-57034700", "incomeBeforeTax": "39701000", "incomeTaxExpense": "-125000", "interestAndDebtExpense": "None", "netIncomeFromContinuingOperations": "0", "comprehensiveIncomeNetOfTax": "None", "ebit": "121458700", "ebitda": "64424000", "netIncome": "39928000"}, {"fiscalDateEnding": "2007-09-30", "reportedCurrency": "USD", "grossProfit": "70794000", "totalRevenue": "260526000", "costOfRevenue": "189732000", "costofGoodsAndServicesSold": "189732000", "operatingIncome": "41815000", "sellingGeneralAndAdministrative": "7175000", "researchAndDevelopment": "0", "operatingExpenses": "28979000", "investmentIncomeNet": "None", "netInterestIncome": "None", "interestIncome": "None", "interestExpense": "3037000", "nonInterestIncome": "None", "otherNonOperatingIncome": "None", "depreciation": "None", "depreciationAndAmortization": "21804000", "incomeBeforeTax": "39172000", "incomeTaxExpense": "550000", "interestAndDebtExpense": "None", "netIncomeFromContinuingOperations": "0", "comprehensiveIncomeNetOfTax": "None", "ebit": "41815000", "ebitda": "63619000", "netIncome": "38685000"}, {"fiscalDateEnding": "2007-06-30", "reportedCurrency": "USD", "grossProfit": "67128000", "totalRevenue": "263309000", "costOfRevenue": "196181000", "costofGoodsAndServicesSold": "196181000", "operatingIncome": "48928000", "sellingGeneralAndAdministrative": "8266000", "researchAndDevelopment": "0", "operatingExpenses": "29691000", "investmentIncomeNet": "None", "netInterestIncome": "None", "interestIncome": "None", "interestExpense": "2842000", "nonInterestIncome": "None", "otherNonOperatingIncome": "None", "depreciation": "None", "depreciationAndAmortization": "21425000", "incomeBeforeTax": "46822000", "incomeTaxExpense": "670000", "interestAndDebtExpense": "None", "netIncomeFromContinuingOperations": "0", "comprehensiveIncomeNetOfTax": "None", "ebit": "37437000", "ebitda": "58862000", "netIncome": "46237000"}, {"fiscalDateEnding": "2007-03-31", "reportedCurrency": "USD", "grossProfit": "75137000", "totalRevenue": "257071000", "costOfRevenue": "181934000", "costofGoodsAndServicesSold": "181934000", "operatingIncome": "47415000", "sellingGeneralAndAdministrative": "7929000", "researchAndDevelopment": "0", "operatingExpenses": "27722000", "investmentIncomeNet": "None", "netInterestIncome": "None", "interestIncome": "None", "interestExpense": "2818000", "nonInterestIncome": "None", "otherNonOperatingIncome": "None", "depreciation": "None", "depreciationAndAmortization": "19793000", "incomeBeforeTax": "46032000", "incomeTaxExpense": "574000", "interestAndDebtExpense": "None", "netIncomeFromContinuingOperations": "0", "comprehensiveIncomeNetOfTax": "None", "ebit": "47415000", "ebitda": "67208000", "netIncome": "45540000"}, {"fiscalDateEnding": "2006-12-31", "reportedCurrency": "USD", "grossProfit": "75648000", "totalRevenue": "263193000", "costOfRevenue": "187545000", "costofGoodsAndServicesSold": "187545000", "operatingIncome": "48198000", "sellingGeneralAndAdministrative": "9244000", "researchAndDevelopment": "0", "operatingExpenses": "27450000", "investmentIncomeNet": "None", "netInterestIncome": "None", "interestIncome": "None", "interestExpense": "12200", "nonInterestIncome": "None", "otherNonOperatingIncome": "None", "depreciation": "None", "depreciationAndAmortization": "-44420500", "incomeBeforeTax": "46208000", "incomeTaxExpense": "785000", "interestAndDebtExpense": "None", "netIncomeFromContinuingOperations": "0", "comprehensiveIncomeNetOfTax": "None", "ebit": "110824500", "ebitda": "66404000", "netIncome": "45488000"}, {"fiscalDateEnding": "2006-09-30", "reportedCurrency": "USD", "grossProfit": "65545000", "totalRevenue": "244740000", "costOfRevenue": "179195000", "costofGoodsAndServicesSold": "179195000", "operatingIncome": "40881000", "sellingGeneralAndAdministrative": "7391000", "researchAndDevelopment": "0", "operatingExpenses": "24664000", "investmentIncomeNet": "None", "netInterestIncome": "None", "interestIncome": "None", "interestExpense": "2870000", "nonInterestIncome": "None", "otherNonOperatingIncome": "None", "depreciation": "None", "depreciationAndAmortization": "17273000", "incomeBeforeTax": "38939000", "incomeTaxExpense": "352000", "interestAndDebtExpense": "None", "netIncomeFromContinuingOperations": "0", "comprehensiveIncomeNetOfTax": "None", "ebit": "40881000", "ebitda": "58154000", "netIncome": "38640000"}, {"fiscalDateEnding": "2006-06-30", "reportedCurrency": "USD", "grossProfit": "66766000", "totalRevenue": "221304000", "costOfRevenue": "154538000", "costofGoodsAndServicesSold": "154538000", "operatingIncome": "43387000", "sellingGeneralAndAdministrative": "7091000", "researchAndDevelopment": "0", "operatingExpenses": "23379000", "investmentIncomeNet": "None", "netInterestIncome": "None", "interestIncome": "None", "interestExpense": "3439000", "nonInterestIncome": "None", "otherNonOperatingIncome": "None", "depreciation": "None", "depreciationAndAmortization": "16288000", "incomeBeforeTax": "41054000", "incomeTaxExpense": "547000", "interestAndDebtExpense": "None", "netIncomeFromContinuingOperations": "0", "comprehensiveIncomeNetOfTax": "None", "ebit": "43387000", "ebitda": "59675000", "netIncome": "40550000"}, {"fiscalDateEnding": "2006-03-31", "reportedCurrency": "USD", "grossProfit": "72750000", "totalRevenue": "238320000", "costOfRevenue": "165570000", "costofGoodsAndServicesSold": "165570000", "operatingIncome": "48625000", "sellingGeneralAndAdministrative": "7158000", "researchAndDevelopment": "0", "operatingExpenses": "24125000", "investmentIncomeNet": "None", "netInterestIncome": "None", "interestIncome": "None", "interestExpense": "2245000", "nonInterestIncome": "None", "otherNonOperatingIncome": "None", "depreciation": "None", "depreciationAndAmortization": "14722000", "incomeBeforeTax": "48896000", "incomeTaxExpense": "759000", "interestAndDebtExpense": "None", "netIncomeFromContinuingOperations": "0", "comprehensiveIncomeNetOfTax": "None", "ebit": "48625000", "ebitda": "63347000", "netIncome": "48249000"}, {"fiscalDateEnding": "2005-12-31", "reportedCurrency": "USD", "grossProfit": "67180000", "totalRevenue": "227332000", "costOfRevenue": "160152000", "costofGoodsAndServicesSold": "160152000", "operatingIncome": "45817000", "sellingGeneralAndAdministrative": "4417000", "researchAndDevelopment": "0", "operatingExpenses": "21363000", "investmentIncomeNet": "None", "netInterestIncome": "None", "interestIncome": "None", "interestExpense": "11816000", "nonInterestIncome": "None", "otherNonOperatingIncome": "None", "depreciation": "None", "depreciationAndAmortization": "14501000", "incomeBeforeTax": "46084000", "incomeTaxExpense": "426000", "interestAndDebtExpense": "None", "netIncomeFromContinuingOperations": "0", "comprehensiveIncomeNetOfTax": "None", "ebit": "46131000", "ebitda": "60632000", "netIncome": "45658000"}]}