{"symbol": "ASML", "annualReports": [{"fiscalDateEnding": "2025-12-31", "reportedCurrency": "EUR", "grossProfit": "16576873228", "totalRevenue": "31378009666", "costOfRevenue": "14801136437", "costofGoodsAndServicesSold": "14801136437", "operatingIncome": "10855364184", "sellingGeneralAndAdministrative": "1257800000", "researchAndDevelopment": "4513351021", "operatingExpenses": "5721509043", "investmentIncomeNet": "None", "netInterestIncome": "104700000", "interestIncome": "None", "interestExpense": "None", "nonInterestIncome": "None", "otherNonOperatingIncome": "None", "depreciation": "None", "depreciationAndAmortization": "985410490", "incomeBeforeTax": "11164079391", "incomeTaxExpense": "1933936524", "interestAndDebtExpense": "None", "netIncomeFromContinuingOperations": "9609400000", "comprehensiveIncomeNetOfTax": "None", "ebit": "10955931958", "ebitda": "11941342448", "netIncome": "9230142866"}, {"fiscalDateEnding": "2024-12-31", "reportedCurrency": "EUR", "grossProfit": "14492000000", "totalRevenue": "28262900000", "costOfRevenue": "13770900000", "costofGoodsAndServicesSold": "13770900000", "operatingIncome": "9022600000", "sellingGeneralAndAdministrative": "1165700000", "researchAndDevelopment": "4303700000", "operatingExpenses": "5469400000", "investmentIncomeNet": "None", "netInterestIncome": "19800000", "interestIncome": "182400000", "interestExpense": "160553292", "nonInterestIncome": "None", "otherNonOperatingIncome": "None", "depreciation": "None", "depreciationAndAmortization": "918600000", "incomeBeforeTax": "9252200000", "incomeTaxExpense": "1680600000", "interestAndDebtExpense": "None", "netIncomeFromContinuingOperations": "7571600000", "comprehensiveIncomeNetOfTax": "None", "ebit": "9205000000", "ebitda": "10123600000", "netIncome": "7571600000"}, {"fiscalDateEnding": "2023-12-31", "reportedCurrency": "EUR", "grossProfit": "14136100000", "totalRevenue": "27558500000", "costOfRevenue": "13422400000", "costofGoodsAndServicesSold": "13422400000", "operatingIncome": "9042300000", "sellingGeneralAndAdministrative": "1113200000", "researchAndDevelopment": "3980600000", "operatingExpenses": "5093800000", "investmentIncomeNet": "None", "netInterestIncome": "41200000", "interestIncome": "193900000", "interestExpense": "149424287", "nonInterestIncome": "None", "otherNonOperatingIncome": "None", "depreciation": "None", "depreciationAndAmortization": "739800000", "incomeBeforeTax": "9274800000", "incomeTaxExpense": "1435800000", "interestAndDebtExpense": "None", "netIncomeFromContinuingOperations": "7839000000", "comprehensiveIncomeNetOfTax": "None", "ebit": "9236200000", "ebitda": "9976000000", "netIncome": "7839000000"}, {"fiscalDateEnding": "2022-12-31", "reportedCurrency": "EUR", "grossProfit": "10700100000", "totalRevenue": "21173400000", "costOfRevenue": "10473300000", "costofGoodsAndServicesSold": "10473300000", "operatingIncome": "6500700000", "sellingGeneralAndAdministrative": "945900000", "researchAndDevelopment": "3253500000", "operatingExpenses": "4199400000", "investmentIncomeNet": "None", "netInterestIncome": "-44600000", "interestIncome": "16200000", "interestExpense": "59379644", "nonInterestIncome": "None", "otherNonOperatingIncome": "None", "depreciation": "None", "depreciationAndAmortization": "583600000", "incomeBeforeTax": "6594100000", "incomeTaxExpense": "969900000", "interestAndDebtExpense": "None", "netIncomeFromContinuingOperations": "5486200000", "comprehensiveIncomeNetOfTax": "None", "ebit": "6516900000", "ebitda": "7100500000", "netIncome": "5624200000"}, {"fiscalDateEnding": "2021-12-31", "reportedCurrency": "EUR", "grossProfit": "9809000000", "totalRevenue": "18611000000", "costOfRevenue": "8802000000", "costofGoodsAndServicesSold": "8802000000", "operatingIncome": "6750100000", "sellingGeneralAndAdministrative": "725600000", "researchAndDevelopment": "2547000000", "operatingExpenses": "3058900000", "investmentIncomeNet": "None", "netInterestIncome": "-44600000", "interestIncome": "10000000", "interestExpense": "56918309", "nonInterestIncome": "None", "otherNonOperatingIncome": "None", "depreciation": "None", "depreciationAndAmortization": "471000000", "incomeBeforeTax": "6904600000", "incomeTaxExpense": "1021400000", "interestAndDebtExpense": "None", "netIncomeFromContinuingOperations": "5684100000", "comprehensiveIncomeNetOfTax": "None", "ebit": "6760100000", "ebitda": "7231100000", "netIncome": "5883200000"}, {"fiscalDateEnding": "2020-12-31", "reportedCurrency": "EUR", "grossProfit": "6797200000", "totalRevenue": "13978500000", "costOfRevenue": "7181300000", "costofGoodsAndServicesSold": "7181300000", "operatingIncome": "4051500000", "sellingGeneralAndAdministrative": "544900000", "researchAndDevelopment": "2200800000", "operatingExpenses": "2745700000", "investmentIncomeNet": "None", "netInterestIncome": "-34900000", "interestIncome": "8400000", "interestExpense": "40292062", "nonInterestIncome": "None", "otherNonOperatingIncome": "None", "depreciation": "None", "depreciationAndAmortization": "490800000", "incomeBeforeTax": "4105200000", "incomeTaxExpense": "551500000", "interestAndDebtExpense": "None", "netIncomeFromContinuingOperations": "3465100000", "comprehensiveIncomeNetOfTax": "None", "ebit": "4059900000", "ebitda": "4550700000", "netIncome": "3553700000"}, {"fiscalDateEnding": "2019-12-31", "reportedCurrency": "EUR", "grossProfit": "5279800000", "totalRevenue": "11820000000", "costOfRevenue": "6540200000", "costofGoodsAndServicesSold": "6540200000", "operatingIncome": "2790800000", "sellingGeneralAndAdministrative": "520500000", "researchAndDevelopment": "1968500000", "operatingExpenses": "2489000000", "investmentIncomeNet": "None", "netInterestIncome": "-25000000", "interestIncome": "11600000", "interestExpense": "36080243", "nonInterestIncome": "None", "otherNonOperatingIncome": "0", "depreciation": "None", "depreciationAndAmortization": "448500000", "incomeBeforeTax": "2784000000", "incomeTaxExpense": "191700000", "interestAndDebtExpense": "None", "netIncomeFromContinuingOperations": "2574100000", "comprehensiveIncomeNetOfTax": "None", "ebit": "2802400000", "ebitda": "3250900000", "netIncome": "2592300000"}, {"fiscalDateEnding": "2018-12-31", "reportedCurrency": "EUR", "grossProfit": "5029200000", "totalRevenue": "10944000000", "costOfRevenue": "5914800000", "costofGoodsAndServicesSold": "5914800000", "operatingIncome": "2965300000", "sellingGeneralAndAdministrative": "488000000", "researchAndDevelopment": "1575900000", "operatingExpenses": "2063900000", "investmentIncomeNet": "None", "netInterestIncome": "-28300000", "interestIncome": "13500000", "interestExpense": "43174085", "nonInterestIncome": "None", "otherNonOperatingIncome": "0", "depreciation": "None", "depreciationAndAmortization": "422700000", "incomeBeforeTax": "2943200000", "incomeTaxExpense": "351600000", "interestAndDebtExpense": "None", "netIncomeFromContinuingOperations": "2585400000", "comprehensiveIncomeNetOfTax": "None", "ebit": "2965300000", "ebitda": "3388000000", "netIncome": "2591600000"}, {"fiscalDateEnding": "2017-12-31", "reportedCurrency": "EUR", "grossProfit": "4020200000", "totalRevenue": "8962700000", "costOfRevenue": "4942500000", "costofGoodsAndServicesSold": "4942500000", "operatingIncome": "2439700000", "sellingGeneralAndAdministrative": "416000000", "researchAndDevelopment": "1259700000", "operatingExpenses": "1580500000", "investmentIncomeNet": "None", "netInterestIncome": "-50300000", "interestIncome": "50300000", "interestExpense": "55411315", "nonInterestIncome": "None", "otherNonOperatingIncome": "0", "depreciation": "None", "depreciationAndAmortization": "417500000", "incomeBeforeTax": "2372700000", "incomeTaxExpense": "306000000", "interestAndDebtExpense": "None", "netIncomeFromContinuingOperations": "2135200000", "comprehensiveIncomeNetOfTax": "None", "ebit": "2343900000", "ebitda": "2761400000", "netIncome": "2066700000"}, {"fiscalDateEnding": "2016-12-31", "reportedCurrency": "EUR", "grossProfit": "3145300000", "totalRevenue": "6875100000", "costOfRevenue": "3729800000", "costofGoodsAndServicesSold": "3729800000", "operatingIncome": "1758500000", "sellingGeneralAndAdministrative": "374760000", "researchAndDevelopment": "1105800000", "operatingExpenses": "1386800000", "investmentIncomeNet": "None", "netInterestIncome": "33644000", "interestIncome": "33700000", "interestExpense": "40055623", "nonInterestIncome": "None", "otherNonOperatingIncome": "0", "depreciation": "None", "depreciationAndAmortization": "356900000", "incomeBeforeTax": "1792200000", "incomeTaxExpense": "234400000", "interestAndDebtExpense": "None", "netIncomeFromContinuingOperations": "1471894000", "comprehensiveIncomeNetOfTax": "None", "ebit": "1664700000", "ebitda": "2021600000", "netIncome": "1557800000"}, {"fiscalDateEnding": "2015-12-31", "reportedCurrency": "EUR", "grossProfit": "2895700000", "totalRevenue": "6287400000", "costOfRevenue": "3391700000", "costofGoodsAndServicesSold": "3391700000", "operatingIncome": "1565100000", "sellingGeneralAndAdministrative": "345732000", "researchAndDevelopment": "1068100000", "operatingExpenses": "1330600000", "investmentIncomeNet": "None", "netInterestIncome": "None", "interestIncome": "16500000", "interestExpense": "27901335", "nonInterestIncome": "None", "otherNonOperatingIncome": "0", "depreciation": "None", "depreciationAndAmortization": "296900000", "incomeBeforeTax": "1548600000", "incomeTaxExpense": "161400000", "interestAndDebtExpense": "None", "netIncomeFromContinuingOperations": "2074364256.55", "comprehensiveIncomeNetOfTax": "None", "ebit": "1481900000", "ebitda": "1778800000", "netIncome": "1387200000"}, {"fiscalDateEnding": "2014-12-31", "reportedCurrency": "EUR", "grossProfit": "2596374000", "totalRevenue": "5856277000", "costOfRevenue": "3259903000", "costofGoodsAndServicesSold": "3259903000", "operatingIncome": "1282235000", "sellingGeneralAndAdministrative": "321110000", "researchAndDevelopment": "1074035000", "operatingExpenses": "1314139000", "investmentIncomeNet": "None", "netInterestIncome": "None", "interestIncome": "None", "interestExpense": "23667058", "nonInterestIncome": "None", "otherNonOperatingIncome": "None", "depreciation": "None", "depreciationAndAmortization": "254644000", "incomeBeforeTax": "1273635000", "incomeTaxExpense": "76995000", "interestAndDebtExpense": "None", "netIncomeFromContinuingOperations": "1418320000", "comprehensiveIncomeNetOfTax": "None", "ebit": "1201229000", "ebitda": "1455873000", "netIncome": "1196640000"}, {"fiscalDateEnding": "2013-12-31", "reportedCurrency": "EUR", "grossProfit": "2177262000", "totalRevenue": "5245326000", "costOfRevenue": "3068064000", "costofGoodsAndServicesSold": "3068064000", "operatingIncome": "1047948000", "sellingGeneralAndAdministrative": "311741000", "researchAndDevelopment": "882029000", "operatingExpenses": "1129314000", "investmentIncomeNet": "None", "netInterestIncome": "None", "interestIncome": "None", "interestExpense": "33670996", "nonInterestIncome": "None", "otherNonOperatingIncome": "None", "depreciation": "None", "depreciationAndAmortization": "228775000", "incomeBeforeTax": "1023477000", "incomeTaxExpense": "7987000", "interestAndDebtExpense": "None", "netIncomeFromContinuingOperations": "None", "comprehensiveIncomeNetOfTax": "None", "ebit": "983492000", "ebitda": "1212267000", "netIncome": "1015490000"}, {"fiscalDateEnding": "2012-12-31", "reportedCurrency": "EUR", "grossProfit": "2005257000", "totalRevenue": "4731555000", "costOfRevenue": "2726298000", "costofGoodsAndServicesSold": "2726298000", "operatingIncome": "1156774000", "sellingGeneralAndAdministrative": "259301000", "researchAndDevelopment": "589182000", "operatingExpenses": "848483000", "investmentIncomeNet": "None", "netInterestIncome": "None", "interestIncome": "None", "interestExpense": "22202369", "nonInterestIncome": "None", "otherNonOperatingIncome": "None", "depreciation": "None", "depreciationAndAmortization": "186620000", "incomeBeforeTax": "1150578000", "incomeTaxExpense": "4262000", "interestAndDebtExpense": "None", "netIncomeFromContinuingOperations": "None", "comprehensiveIncomeNetOfTax": "None", "ebit": "1156774000", "ebitda": "1343394000", "netIncome": "1146316000"}, {"fiscalDateEnding": "2011-12-31", "reportedCurrency": "EUR", "grossProfit": "2449390000", "totalRevenue": "5651035000", "costOfRevenue": "3201645000", "costofGoodsAndServicesSold": "3201645000", "operatingIncome": "1641216000", "sellingGeneralAndAdministrative": "217904000", "researchAndDevelopment": "590270000", "operatingExpenses": "808174000", "investmentIncomeNet": "None", "netInterestIncome": "None", "interestIncome": "None", "interestExpense": "36213723", "nonInterestIncome": "None", "otherNonOperatingIncome": "None", "depreciation": "None", "depreciationAndAmortization": "165185000", "incomeBeforeTax": "1648635000", "incomeTaxExpense": "181675000", "interestAndDebtExpense": "None", "netIncomeFromContinuingOperations": "None", "comprehensiveIncomeNetOfTax": "None", "ebit": "1641216000", "ebitda": "1806401000", "netIncome": "1466960000"}, {"fiscalDateEnding": "2010-12-31", "reportedCurrency": "EUR", "grossProfit": "1955170000", "totalRevenue": "4507938000", "costOfRevenue": "2552768000", "costofGoodsAndServicesSold": "2552768000", "operatingIncome": "1250699000", "sellingGeneralAndAdministrative": "181045000", "researchAndDevelopment": "523426000", "operatingExpenses": "704471000", "investmentIncomeNet": "None", "netInterestIncome": "None", "interestIncome": "None", "interestExpense": "23241870", "nonInterestIncome": "None", "otherNonOperatingIncome": "None", "depreciation": "None", "depreciationAndAmortization": "151444000", "incomeBeforeTax": "1242523000", "incomeTaxExpense": "220703000", "interestAndDebtExpense": "None", "netIncomeFromContinuingOperations": "None", "comprehensiveIncomeNetOfTax": "None", "ebit": "1265824000", "ebitda": "1417268000", "netIncome": "1021820000"}, {"fiscalDateEnding": "2009-12-31", "reportedCurrency": "EUR", "grossProfit": "458392000", "totalRevenue": "1596063000", "costOfRevenue": "1137671000", "costofGoodsAndServicesSold": "1137671000", "operatingIncome": "-163125000", "sellingGeneralAndAdministrative": "156644000", "researchAndDevelopment": "466761000", "operatingExpenses": "621517000", "investmentIncomeNet": "None", "netInterestIncome": "None", "interestIncome": "None", "interestExpense": "49623991", "nonInterestIncome": "None", "otherNonOperatingIncome": "None", "depreciation": "None", "depreciationAndAmortization": "141631000", "incomeBeforeTax": "-171550000", "incomeTaxExpense": "-20625000", "interestAndDebtExpense": "None", "netIncomeFromContinuingOperations": "None", "comprehensiveIncomeNetOfTax": "None", "ebit": "-120359000", "ebitda": "21272000", "netIncome": "-150925000"}, {"fiscalDateEnding": "2008-12-31", "reportedCurrency": "EUR", "grossProfit": "1015514000", "totalRevenue": "2953678000", "costOfRevenue": "1938164000", "costofGoodsAndServicesSold": "1938164000", "operatingIncome": "287045000", "sellingGeneralAndAdministrative": "212341000", "researchAndDevelopment": "516128000", "operatingExpenses": "728469000", "investmentIncomeNet": "None", "netInterestIncome": "None", "interestIncome": "None", "interestExpense": "50502967", "nonInterestIncome": "None", "otherNonOperatingIncome": "None", "depreciation": "None", "depreciationAndAmortization": "119190000", "incomeBeforeTax": "309644000", "incomeTaxExpense": "-12726000", "interestAndDebtExpense": "None", "netIncomeFromContinuingOperations": "None", "comprehensiveIncomeNetOfTax": "None", "ebit": "359542000", "ebitda": "478732000", "netIncome": "322370000"}, {"fiscalDateEnding": "2007-12-31", "reportedCurrency": "EUR", "grossProfit": "1552101176", "totalRevenue": "3774123817", "costOfRevenue": "2222022641", "costofGoodsAndServicesSold": "2222022641", "operatingIncome": "815985711", "sellingGeneralAndAdministrative": "225668000", "researchAndDevelopment": "511307854", "operatingExpenses": "736115464", "investmentIncomeNet": "None", "netInterestIncome": "None", "interestIncome": "None", "interestExpense": "41923973", "nonInterestIncome": "None", "otherNonOperatingIncome": "None", "depreciation": "None", "depreciationAndAmortization": "126543015", "incomeBeforeTax": "849489774", "incomeTaxExpense": "177431139", "interestAndDebtExpense": "None", "netIncomeFromContinuingOperations": "None", "comprehensiveIncomeNetOfTax": "None", "ebit": "815985711", "ebitda": "942528726", "netIncome": "672058635"}, {"fiscalDateEnding": "2006-12-31", "reportedCurrency": "EUR", "grossProfit": "1453978317", "totalRevenue": "3581773383", "costOfRevenue": "2127795065", "costofGoodsAndServicesSold": "2127795065", "operatingIncome": "862612638", "sellingGeneralAndAdministrative": "204799000", "researchAndDevelopment": "413707832", "operatingExpenses": "591365679", "investmentIncomeNet": "None", "netInterestIncome": "None", "interestIncome": "None", "interestExpense": "48921715", "nonInterestIncome": "None", "otherNonOperatingIncome": "None", "depreciation": "None", "depreciationAndAmortization": "87091919", "incomeBeforeTax": "861758721", "incomeTaxExpense": "243210913", "interestAndDebtExpense": "None", "netIncomeFromContinuingOperations": "None", "comprehensiveIncomeNetOfTax": "None", "ebit": "862613396", "ebitda": "949705315", "netIncome": "618547808"}], "quarterlyReports": [{"fiscalDateEnding": "2025-12-31", "reportedCurrency": "EUR", "grossProfit": "4473173228", "totalRevenue": "8428809666", "costOfRevenue": "3955636437", "costofGoodsAndServicesSold": "3955636437", "operatingIncome": "2511164184", "sellingGeneralAndAdministrative": "375200000", "researchAndDevelopment": "1636451021", "operatingExpenses": "1962009043", "investmentIncomeNet": "None", "netInterestIncome": "11200000", "interestIncome": "None", "interestExpense": "None", "nonInterestIncome": "None", "otherNonOperatingIncome": "None", "depreciation": "None", "depreciationAndAmortization": "94110490", "incomeBeforeTax": "2525779391", "incomeTaxExpense": "451336524", "interestAndDebtExpense": "None", "netIncomeFromContinuingOperations": "2839600000", "comprehensiveIncomeNetOfTax": "None", "ebit": "2525779391", "ebitda": "2619889881", "netIncome": "2074442866"}, {"fiscalDateEnding": "2025-09-30", "reportedCurrency": "EUR", "grossProfit": "3880300000", "totalRevenue": "7516000000", "costOfRevenue": "3635700000", "costofGoodsAndServicesSold": "3635700000", "operatingIncome": "2468400000", "sellingGeneralAndAdministrative": "303200000", "researchAndDevelopment": "1108700000", "operatingExpenses": "1411900000", "investmentIncomeNet": "None", "netInterestIncome": "19400000", "interestIncome": "None", "interestExpense": "None", "nonInterestIncome": "None", "otherNonOperatingIncome": "None", "depreciation": "None", "depreciationAndAmortization": "274600000", "incomeBeforeTax": "2566700000", "incomeTaxExpense": "442200000", "interestAndDebtExpense": "None", "netIncomeFromContinuingOperations": "2124500000", "comprehensiveIncomeNetOfTax": "None", "ebit": "2566700000", "ebitda": "2841300000", "netIncome": "2124500000"}, {"fiscalDateEnding": "2025-06-30", "reportedCurrency": "EUR", "grossProfit": "4043700000", "totalRevenue": "7691700000", "costOfRevenue": "3648000000", "costofGoodsAndServicesSold": "3648000000", "operatingIncome": "3137900000", "sellingGeneralAndAdministrative": "298700000", "researchAndDevelopment": "607100000", "operatingExpenses": "905800000", "investmentIncomeNet": "None", "netInterestIncome": "24800000", "interestIncome": "None", "interestExpense": "None", "nonInterestIncome": "None", "otherNonOperatingIncome": "None", "depreciation": "None", "depreciationAndAmortization": "375400000", "incomeBeforeTax": "3251500000", "incomeTaxExpense": "575300000", "interestAndDebtExpense": "None", "netIncomeFromContinuingOperations": "2676200000", "comprehensiveIncomeNetOfTax": "None", "ebit": "3274100000", "ebitda": "3649500000", "netIncome": "2676200000"}, {"fiscalDateEnding": "2025-03-31", "reportedCurrency": "EUR", "grossProfit": "4179700000", "totalRevenue": "7741500000", "costOfRevenue": "3561800000", "costofGoodsAndServicesSold": "3561800000", "operatingIncome": "2737900000", "sellingGeneralAndAdministrative": "280700000", "researchAndDevelopment": "1161100000", "operatingExpenses": "1441800000", "investmentIncomeNet": "None", "netInterestIncome": "49200000", "interestIncome": "None", "interestExpense": "None", "nonInterestIncome": "None", "otherNonOperatingIncome": "None", "depreciation": "None", "depreciationAndAmortization": "241300000", "incomeBeforeTax": "2820100000", "incomeTaxExpense": "465100000", "interestAndDebtExpense": "None", "netIncomeFromContinuingOperations": "2355000000", "comprehensiveIncomeNetOfTax": "None", "ebit": "2737900000", "ebitda": "2979200000", "netIncome": "2355000000"}, {"fiscalDateEnding": "2024-12-31", "reportedCurrency": "EUR", "grossProfit": "4789800000", "totalRevenue": "9262800000", "costOfRevenue": "4473000000", "costofGoodsAndServicesSold": "4473000000", "operatingIncome": "3355400000", "sellingGeneralAndAdministrative": "318400000", "researchAndDevelopment": "1116000000", "operatingExpenses": "1434400000", "investmentIncomeNet": "None", "netInterestIncome": "6300000", "interestIncome": "None", "interestExpense": "12700000", "nonInterestIncome": "None", "otherNonOperatingIncome": "None", "depreciation": "None", "depreciationAndAmortization": "241000000", "incomeBeforeTax": "3417200000", "incomeTaxExpense": "723800000", "interestAndDebtExpense": "None", "netIncomeFromContinuingOperations": "2693400000", "comprehensiveIncomeNetOfTax": "None", "ebit": "3537800000", "ebitda": "3778800000", "netIncome": "2693400000"}, {"fiscalDateEnding": "2024-09-30", "reportedCurrency": "EUR", "grossProfit": "3793400000", "totalRevenue": "7467300000", "costOfRevenue": "3673900000", "costofGoodsAndServicesSold": "3673900000", "operatingIncome": "2441200000", "sellingGeneralAndAdministrative": "297000000", "researchAndDevelopment": "1055200000", "operatingExpenses": "1352200000", "investmentIncomeNet": "None", "netInterestIncome": "-800000", "interestIncome": "None", "interestExpense": "786795", "nonInterestIncome": "None", "otherNonOperatingIncome": "None", "depreciation": "None", "depreciationAndAmortization": "235700000", "incomeBeforeTax": "2517700000", "incomeTaxExpense": "441200000", "interestAndDebtExpense": "None", "netIncomeFromContinuingOperations": "2076500000", "comprehensiveIncomeNetOfTax": "None", "ebit": "2441200000", "ebitda": "2676900000", "netIncome": "2076500000"}, {"fiscalDateEnding": "2024-06-30", "reportedCurrency": "EUR", "grossProfit": "3212200000", "totalRevenue": "6242800000", "costOfRevenue": "3030600000", "costofGoodsAndServicesSold": "3030600000", "operatingIncome": "1834600000", "sellingGeneralAndAdministrative": "277000000", "researchAndDevelopment": "1100600000", "operatingExpenses": "1377600000", "investmentIncomeNet": "None", "netInterestIncome": "-11900000", "interestIncome": "None", "interestExpense": "11937100", "nonInterestIncome": "None", "otherNonOperatingIncome": "None", "depreciation": "None", "depreciationAndAmortization": "227500000", "incomeBeforeTax": "1869500000", "incomeTaxExpense": "291600000", "interestAndDebtExpense": "None", "netIncomeFromContinuingOperations": "1577900000", "comprehensiveIncomeNetOfTax": "None", "ebit": "1834600000", "ebitda": "2062100000", "netIncome": "1577900000"}, {"fiscalDateEnding": "2024-03-31", "reportedCurrency": "EUR", "grossProfit": "2696600000", "totalRevenue": "5290000000", "costOfRevenue": "2593400000", "costofGoodsAndServicesSold": "2593400000", "operatingIncome": "1391400000", "sellingGeneralAndAdministrative": "281100000", "researchAndDevelopment": "1031900000", "operatingExpenses": "1305200000", "investmentIncomeNet": "None", "netInterestIncome": "16700000", "interestIncome": "16700000", "interestExpense": "None", "nonInterestIncome": "None", "otherNonOperatingIncome": "None", "depreciation": "None", "depreciationAndAmortization": "214400000", "incomeBeforeTax": "1447800000", "incomeTaxExpense": "224000000", "interestAndDebtExpense": "None", "netIncomeFromContinuingOperations": "1941700000", "comprehensiveIncomeNetOfTax": "None", "ebit": "1391400000", "ebitda": "1605800000", "netIncome": "1223800000"}, {"fiscalDateEnding": "2023-12-31", "reportedCurrency": "EUR", "grossProfit": "3717300000", "totalRevenue": "7237000000", "costOfRevenue": "3519700000", "costofGoodsAndServicesSold": "3519700000", "operatingIncome": "2391900000", "sellingGeneralAndAdministrative": "284100000", "researchAndDevelopment": "1041300000", "operatingExpenses": "1325400000", "investmentIncomeNet": "None", "netInterestIncome": "5200000", "interestIncome": "None", "interestExpense": "None", "nonInterestIncome": "None", "otherNonOperatingIncome": "None", "depreciation": "None", "depreciationAndAmortization": "212100000", "incomeBeforeTax": "2433700000", "incomeTaxExpense": "385600000", "interestAndDebtExpense": "None", "netIncomeFromContinuingOperations": "2048100000", "comprehensiveIncomeNetOfTax": "None", "ebit": "2585800000", "ebitda": "2797900000", "netIncome": "2048100000"}, {"fiscalDateEnding": "2023-09-30", "reportedCurrency": "EUR", "grossProfit": "3461600000", "totalRevenue": "6673000000", "costOfRevenue": "3211400000", "costofGoodsAndServicesSold": "3211400000", "operatingIncome": "2182400000", "sellingGeneralAndAdministrative": "287800000", "researchAndDevelopment": "991400000", "operatingExpenses": "1279200000", "investmentIncomeNet": "None", "netInterestIncome": "7100000", "interestIncome": "None", "interestExpense": "None", "nonInterestIncome": "None", "otherNonOperatingIncome": "None", "depreciation": "None", "depreciationAndAmortization": "176200000", "incomeBeforeTax": "2237100000", "incomeTaxExpense": "343700000", "interestAndDebtExpense": "None", "netIncomeFromContinuingOperations": "1893400000", "comprehensiveIncomeNetOfTax": "None", "ebit": "2182400000", "ebitda": "2358600000", "netIncome": "1893400000"}, {"fiscalDateEnding": "2023-06-30", "reportedCurrency": "EUR", "grossProfit": "3544000000", "totalRevenue": "6902300000", "costOfRevenue": "3358300000", "costofGoodsAndServicesSold": "3358300000", "operatingIncome": "2263000000", "sellingGeneralAndAdministrative": "281100000", "researchAndDevelopment": "999900000", "operatingExpenses": "1281000000", "investmentIncomeNet": "None", "netInterestIncome": "16700000", "interestIncome": "None", "interestExpense": "16700000", "nonInterestIncome": "None", "otherNonOperatingIncome": "None", "depreciation": "None", "depreciationAndAmortization": "181200000", "incomeBeforeTax": "2345600000", "incomeTaxExpense": "403900000", "interestAndDebtExpense": "None", "netIncomeFromContinuingOperations": "1875800000", "comprehensiveIncomeNetOfTax": "None", "ebit": "2263000000", "ebitda": "2444200000", "netIncome": "1941700000"}, {"fiscalDateEnding": "2023-03-31", "reportedCurrency": "EUR", "grossProfit": "3413200000", "totalRevenue": "6746200000", "costOfRevenue": "3333000000", "costofGoodsAndServicesSold": "3333000000", "operatingIncome": "2205000000", "sellingGeneralAndAdministrative": "260300000", "researchAndDevelopment": "947900000", "operatingExpenses": "1208200000", "investmentIncomeNet": "None", "netInterestIncome": "12200000", "interestIncome": "12200000", "interestExpense": "12200000", "nonInterestIncome": "None", "otherNonOperatingIncome": "None", "depreciation": "None", "depreciationAndAmortization": "170300000", "incomeBeforeTax": "2258400000", "incomeTaxExpense": "302600000", "interestAndDebtExpense": "None", "netIncomeFromContinuingOperations": "1914600000", "comprehensiveIncomeNetOfTax": "None", "ebit": "2205000000", "ebitda": "2375300000", "netIncome": "1955800000"}, {"fiscalDateEnding": "2022-12-31", "reportedCurrency": "EUR", "grossProfit": "3310900000", "totalRevenue": "6430200000", "costOfRevenue": "3119300000", "costofGoodsAndServicesSold": "3119300000", "operatingIncome": "2124200000", "sellingGeneralAndAdministrative": "280400000", "researchAndDevelopment": "906300000", "operatingExpenses": "1186700000", "investmentIncomeNet": "None", "netInterestIncome": "-3100000", "interestIncome": "None", "interestExpense": "2938505", "nonInterestIncome": "None", "otherNonOperatingIncome": "None", "depreciation": "None", "depreciationAndAmortization": "183200000", "incomeBeforeTax": "2173800000", "incomeTaxExpense": "357300000", "interestAndDebtExpense": "None", "netIncomeFromContinuingOperations": "1763800000", "comprehensiveIncomeNetOfTax": "None", "ebit": "2140400000", "ebitda": "2323600000", "netIncome": "1816500000"}, {"fiscalDateEnding": "2022-09-30", "reportedCurrency": "EUR", "grossProfit": "2993700000", "totalRevenue": "5778300000", "costOfRevenue": "2784600000", "costofGoodsAndServicesSold": "2784600000", "operatingIncome": "1938500000", "sellingGeneralAndAdministrative": "207700000", "researchAndDevelopment": "819400000", "operatingExpenses": "1055200000", "investmentIncomeNet": "None", "netInterestIncome": "-15600000", "interestIncome": "None", "interestExpense": "15564671", "nonInterestIncome": "None", "otherNonOperatingIncome": "None", "depreciation": "None", "depreciationAndAmortization": "137900000", "incomeBeforeTax": "1953500000", "incomeTaxExpense": "252000000", "interestAndDebtExpense": "None", "netIncomeFromContinuingOperations": "654600000", "comprehensiveIncomeNetOfTax": "None", "ebit": "1938500000", "ebitda": "2076400000", "netIncome": "1701500000"}, {"fiscalDateEnding": "2022-06-30", "reportedCurrency": "EUR", "grossProfit": "2664500000", "totalRevenue": "5430500000", "costOfRevenue": "2766000000", "costofGoodsAndServicesSold": "2766000000", "operatingIncome": "1653400000", "sellingGeneralAndAdministrative": "222000000", "researchAndDevelopment": "789100000", "operatingExpenses": "1011100000", "investmentIncomeNet": "None", "netInterestIncome": "-10800000", "interestIncome": "None", "interestExpense": "10985186", "nonInterestIncome": "None", "otherNonOperatingIncome": "None", "depreciation": "None", "depreciationAndAmortization": "131500000", "incomeBeforeTax": "1657100000", "incomeTaxExpense": "246200000", "interestAndDebtExpense": "None", "netIncomeFromContinuingOperations": "1396400000", "comprehensiveIncomeNetOfTax": "None", "ebit": "1653400000", "ebitda": "1784900000", "netIncome": "1410900000"}, {"fiscalDateEnding": "2022-03-31", "reportedCurrency": "EUR", "grossProfit": "1731000000", "totalRevenue": "3534400000", "costOfRevenue": "1803400000", "costofGoodsAndServicesSold": "1803400000", "operatingIncome": "784600000", "sellingGeneralAndAdministrative": "207700000", "researchAndDevelopment": "738700000", "operatingExpenses": "946400000", "investmentIncomeNet": "None", "netInterestIncome": "-15600000", "interestIncome": "None", "interestExpense": "15807849", "nonInterestIncome": "None", "otherNonOperatingIncome": "None", "depreciation": "None", "depreciationAndAmortization": "131000000", "incomeBeforeTax": "809700000", "incomeTaxExpense": "114400000", "interestAndDebtExpense": "None", "netIncomeFromContinuingOperations": "654600000", "comprehensiveIncomeNetOfTax": "None", "ebit": "784600000", "ebitda": "915600000", "netIncome": "695300000"}, {"fiscalDateEnding": "2021-12-31", "reportedCurrency": "EUR", "grossProfit": "2700600000", "totalRevenue": "4985600000", "costOfRevenue": "2285000000", "costofGoodsAndServicesSold": "2285000000", "operatingIncome": "2031200000", "sellingGeneralAndAdministrative": "202500000", "researchAndDevelopment": "680600000", "operatingExpenses": "669400000", "investmentIncomeNet": "None", "netInterestIncome": "-12200000", "interestIncome": "None", "interestExpense": "12298743", "nonInterestIncome": "None", "otherNonOperatingIncome": "None", "depreciation": "None", "depreciationAndAmortization": "124200000", "incomeBeforeTax": "2089400000", "incomeTaxExpense": "316000000", "interestAndDebtExpense": "None", "netIncomeFromContinuingOperations": "1703000000", "comprehensiveIncomeNetOfTax": "None", "ebit": "1817500000", "ebitda": "1941700000", "netIncome": "1773400000"}, {"fiscalDateEnding": "2021-09-30", "reportedCurrency": "EUR", "grossProfit": "2711400000", "totalRevenue": "5241300000", "costOfRevenue": "2529900000", "costofGoodsAndServicesSold": "2529900000", "operatingIncome": "1919300000", "sellingGeneralAndAdministrative": "182900000", "researchAndDevelopment": "609200000", "operatingExpenses": "792100000", "investmentIncomeNet": "None", "netInterestIncome": "-10500000", "interestIncome": "None", "interestExpense": "10659491", "nonInterestIncome": "None", "otherNonOperatingIncome": "None", "depreciation": "None", "depreciationAndAmortization": "116200000", "incomeBeforeTax": "2011100000", "incomeTaxExpense": "270900000", "interestAndDebtExpense": "None", "netIncomeFromContinuingOperations": "1637900000", "comprehensiveIncomeNetOfTax": "None", "ebit": "1919300000", "ebitda": "2035500000", "netIncome": "1740200000"}, {"fiscalDateEnding": "2021-06-30", "reportedCurrency": "EUR", "grossProfit": "2044600000", "totalRevenue": "4020200000", "costOfRevenue": "1975600000", "costofGoodsAndServicesSold": "1975600000", "operatingIncome": "1239000000", "sellingGeneralAndAdministrative": "171800000", "researchAndDevelopment": "633800000", "operatingExpenses": "805600000", "investmentIncomeNet": "None", "netInterestIncome": "-9800000", "interestIncome": "None", "interestExpense": "9957507", "nonInterestIncome": "None", "otherNonOperatingIncome": "None", "depreciation": "None", "depreciationAndAmortization": "112700000", "incomeBeforeTax": "1242400000", "incomeTaxExpense": "204200000", "interestAndDebtExpense": "None", "netIncomeFromContinuingOperations": "1025000000", "comprehensiveIncomeNetOfTax": "None", "ebit": "1239000000", "ebitda": "1351700000", "netIncome": "1038200000"}, {"fiscalDateEnding": "2021-03-31", "reportedCurrency": "EUR", "grossProfit": "2352400000", "totalRevenue": "4363900000", "costOfRevenue": "2011500000", "costofGoodsAndServicesSold": "2011500000", "operatingIncome": "1560600000", "sellingGeneralAndAdministrative": "168400000", "researchAndDevelopment": "623400000", "operatingExpenses": "791800000", "investmentIncomeNet": "None", "netInterestIncome": "-12100000", "interestIncome": "None", "interestExpense": "12386431", "nonInterestIncome": "None", "otherNonOperatingIncome": "None", "depreciation": "None", "depreciationAndAmortization": "117900000", "incomeBeforeTax": "1561700000", "incomeTaxExpense": "230300000", "interestAndDebtExpense": "None", "netIncomeFromContinuingOperations": "1318200000", "comprehensiveIncomeNetOfTax": "None", "ebit": "1560600000", "ebitda": "1678500000", "netIncome": "1331400000"}, {"fiscalDateEnding": "2020-12-31", "reportedCurrency": "EUR", "grossProfit": "2211100000", "totalRevenue": "4254100000", "costOfRevenue": "2043000000", "costofGoodsAndServicesSold": "2043000000", "operatingIncome": "1503700000", "sellingGeneralAndAdministrative": "151500000", "researchAndDevelopment": "555900000", "operatingExpenses": "707400000", "investmentIncomeNet": "None", "netInterestIncome": "-8000000", "interestIncome": "None", "interestExpense": "7785241", "nonInterestIncome": "None", "otherNonOperatingIncome": "None", "depreciation": "None", "depreciationAndAmortization": "125400000", "incomeBeforeTax": "1520700000", "incomeTaxExpense": "170200000", "interestAndDebtExpense": "None", "netIncomeFromContinuingOperations": "1325500000", "comprehensiveIncomeNetOfTax": "None", "ebit": "1503700000", "ebitda": "1629100000", "netIncome": "1350500000"}, {"fiscalDateEnding": "2020-09-30", "reportedCurrency": "EUR", "grossProfit": "1881400000", "totalRevenue": "3958000000", "costOfRevenue": "2076600000", "costofGoodsAndServicesSold": "2076600000", "operatingIncome": "1215900000", "sellingGeneralAndAdministrative": "131500000", "researchAndDevelopment": "534000000", "operatingExpenses": "665500000", "investmentIncomeNet": "None", "netInterestIncome": "-8400000", "interestIncome": "None", "interestExpense": "8358693", "nonInterestIncome": "None", "otherNonOperatingIncome": "None", "depreciation": "None", "depreciationAndAmortization": "122000000", "incomeBeforeTax": "1228000000", "incomeTaxExpense": "166500000", "interestAndDebtExpense": "None", "netIncomeFromContinuingOperations": "1041000000", "comprehensiveIncomeNetOfTax": "None", "ebit": "1215900000", "ebitda": "1337900000", "netIncome": "1061500000"}, {"fiscalDateEnding": "2020-06-30", "reportedCurrency": "EUR", "grossProfit": "1603200000", "totalRevenue": "3325700000", "costOfRevenue": "1722500000", "costofGoodsAndServicesSold": "1722500000", "operatingIncome": "905100000", "sellingGeneralAndAdministrative": "131500000", "researchAndDevelopment": "566900000", "operatingExpenses": "698100000", "investmentIncomeNet": "None", "netInterestIncome": "-7100000", "interestIncome": "None", "interestExpense": "6946988", "nonInterestIncome": "None", "otherNonOperatingIncome": "None", "depreciation": "None", "depreciationAndAmortization": "125100000", "incomeBeforeTax": "917400000", "incomeTaxExpense": "166400000", "interestAndDebtExpense": "None", "netIncomeFromContinuingOperations": "731600000", "comprehensiveIncomeNetOfTax": "None", "ebit": "905100000", "ebitda": "1030200000", "netIncome": "751000000"}, {"fiscalDateEnding": "2020-03-31", "reportedCurrency": "EUR", "grossProfit": "1101400000", "totalRevenue": "2440600000", "costOfRevenue": "1339200000", "costofGoodsAndServicesSold": "1339200000", "operatingIncome": "426700000", "sellingGeneralAndAdministrative": "130700000", "researchAndDevelopment": "544000000", "operatingExpenses": "674700000", "investmentIncomeNet": "None", "netInterestIncome": "-11400000", "interestIncome": "None", "interestExpense": "11542143", "nonInterestIncome": "None", "otherNonOperatingIncome": "0", "depreciation": "None", "depreciationAndAmortization": "117900000", "incomeBeforeTax": "439100000", "incomeTaxExpense": "48500000", "interestAndDebtExpense": "None", "netIncomeFromContinuingOperations": "366800000", "comprehensiveIncomeNetOfTax": "None", "ebit": "426700000", "ebitda": "544600000", "netIncome": "390600000"}, {"fiscalDateEnding": "2019-12-31", "reportedCurrency": "EUR", "grossProfit": "1940100000", "totalRevenue": "4036400000", "costOfRevenue": "2096300000", "costofGoodsAndServicesSold": "2096300000", "operatingIncome": "1276500000", "sellingGeneralAndAdministrative": "147600000", "researchAndDevelopment": "516100000", "operatingExpenses": "663600000", "investmentIncomeNet": "None", "netInterestIncome": "-4900000", "interestIncome": "4900000", "interestExpense": "4680657", "nonInterestIncome": "None", "otherNonOperatingIncome": "0", "depreciation": "None", "depreciationAndAmortization": "122900000", "incomeBeforeTax": "1258600000", "incomeTaxExpense": "124500000", "interestAndDebtExpense": "None", "netIncomeFromContinuingOperations": "1147200000", "comprehensiveIncomeNetOfTax": "None", "ebit": "1276400000", "ebitda": "1399300000", "netIncome": "1134100000"}, {"fiscalDateEnding": "2019-09-30", "reportedCurrency": "EUR", "grossProfit": "1306400000", "totalRevenue": "2986500000", "costOfRevenue": "1680100000", "costofGoodsAndServicesSold": "1680100000", "operatingIncome": "685600000", "sellingGeneralAndAdministrative": "128500000", "researchAndDevelopment": "492300000", "operatingExpenses": "620800000", "investmentIncomeNet": "None", "netInterestIncome": "-5400000", "interestIncome": "None", "interestExpense": "5487407", "nonInterestIncome": "None", "otherNonOperatingIncome": "0", "depreciation": "None", "depreciationAndAmortization": "112400000", "incomeBeforeTax": "691800000", "incomeTaxExpense": "65000000", "interestAndDebtExpense": "None", "netIncomeFromContinuingOperations": "615200000", "comprehensiveIncomeNetOfTax": "None", "ebit": "685600000", "ebitda": "798000000", "netIncome": "626800000"}, {"fiscalDateEnding": "2019-06-30", "reportedCurrency": "EUR", "grossProfit": "1105200000", "totalRevenue": "2567900000", "costOfRevenue": "1462700000", "costofGoodsAndServicesSold": "1462700000", "operatingIncome": "494300000", "sellingGeneralAndAdministrative": "123500000", "researchAndDevelopment": "487400000", "operatingExpenses": "610900000", "investmentIncomeNet": "None", "netInterestIncome": "-6900000", "interestIncome": "6900000", "interestExpense": "6823183.10", "nonInterestIncome": "None", "otherNonOperatingIncome": "0", "depreciation": "None", "depreciationAndAmortization": "108400000", "incomeBeforeTax": "495100000", "incomeTaxExpense": "19100000", "interestAndDebtExpense": "None", "netIncomeFromContinuingOperations": "468300000", "comprehensiveIncomeNetOfTax": "None", "ebit": "494300000", "ebitda": "602700000", "netIncome": "476000000"}, {"fiscalDateEnding": "2019-03-31", "reportedCurrency": "EUR", "grossProfit": "928000000", "totalRevenue": "2229100000", "costOfRevenue": "1301100000", "costofGoodsAndServicesSold": "1301100000", "operatingIncome": "334300000", "sellingGeneralAndAdministrative": "121000000", "researchAndDevelopment": "472700000", "operatingExpenses": "593700000", "investmentIncomeNet": "None", "netInterestIncome": "-7900000", "interestIncome": "None", "interestExpense": "7983854", "nonInterestIncome": "None", "otherNonOperatingIncome": "0", "depreciation": "None", "depreciationAndAmortization": "104800000", "incomeBeforeTax": "338400000", "incomeTaxExpense": "-17000000", "interestAndDebtExpense": "None", "netIncomeFromContinuingOperations": "343400000", "comprehensiveIncomeNetOfTax": "None", "ebit": "334300000", "ebitda": "439100000", "netIncome": "355400000"}, {"fiscalDateEnding": "2018-12-31", "reportedCurrency": "EUR", "grossProfit": "1392900000", "totalRevenue": "3142500000", "costOfRevenue": "1749600000", "costofGoodsAndServicesSold": "1749600000", "operatingIncome": "815900000", "sellingGeneralAndAdministrative": "134600000", "researchAndDevelopment": "442400000", "operatingExpenses": "577000000", "investmentIncomeNet": "None", "netInterestIncome": "None", "interestIncome": "None", "interestExpense": "7492554", "nonInterestIncome": "None", "otherNonOperatingIncome": "0", "depreciation": "None", "depreciationAndAmortization": "110400000", "incomeBeforeTax": "827600000", "incomeTaxExpense": "40100000", "interestAndDebtExpense": "None", "netIncomeFromContinuingOperations": "1188502141.01", "comprehensiveIncomeNetOfTax": "None", "ebit": "815900000", "ebitda": "926300000", "netIncome": "787500000"}, {"fiscalDateEnding": "2018-09-30", "reportedCurrency": "EUR", "grossProfit": "1335900000", "totalRevenue": "2776100000", "costOfRevenue": "1440200000", "costofGoodsAndServicesSold": "1440200000", "operatingIncome": "817800000", "sellingGeneralAndAdministrative": "121800000", "researchAndDevelopment": "396300000", "operatingExpenses": "518100000", "investmentIncomeNet": "None", "netInterestIncome": "None", "interestIncome": "None", "interestExpense": "8077259", "nonInterestIncome": "None", "otherNonOperatingIncome": "0", "depreciation": "None", "depreciationAndAmortization": "110000000", "incomeBeforeTax": "810000000", "incomeTaxExpense": "129600000", "interestAndDebtExpense": "None", "netIncomeFromContinuingOperations": "787682333.87", "comprehensiveIncomeNetOfTax": "None", "ebit": "817800000", "ebitda": "927800000", "netIncome": "680400000"}, {"fiscalDateEnding": "2018-06-30", "reportedCurrency": "EUR", "grossProfit": "1186900000", "totalRevenue": "2740400000", "costOfRevenue": "1553500000", "costofGoodsAndServicesSold": "1553500000", "operatingIncome": "689400000", "sellingGeneralAndAdministrative": "136638733.71", "researchAndDevelopment": "380100000", "operatingExpenses": "497500000", "investmentIncomeNet": "None", "netInterestIncome": "None", "interestIncome": "None", "interestExpense": "2256290", "nonInterestIncome": "None", "otherNonOperatingIncome": "None", "depreciation": "None", "depreciationAndAmortization": "99700000", "incomeBeforeTax": "691500000", "incomeTaxExpense": "107500000", "interestAndDebtExpense": "None", "netIncomeFromContinuingOperations": "632216014.90", "comprehensiveIncomeNetOfTax": "None", "ebit": "689400000", "ebitda": "789100000", "netIncome": "584000000"}, {"fiscalDateEnding": "2018-03-31", "reportedCurrency": "EUR", "grossProfit": "1113500000", "totalRevenue": "2285000000", "costOfRevenue": "1171500000", "costofGoodsAndServicesSold": "1171500000", "operatingIncome": "642200000", "sellingGeneralAndAdministrative": "580641000", "researchAndDevelopment": "357100000", "operatingExpenses": "471300000", "investmentIncomeNet": "None", "netInterestIncome": "None", "interestIncome": "None", "interestExpense": "10468215", "nonInterestIncome": "None", "otherNonOperatingIncome": "None", "depreciation": "None", "depreciationAndAmortization": "102600000", "incomeBeforeTax": "614100000", "incomeTaxExpense": "74400000", "interestAndDebtExpense": "None", "netIncomeFromContinuingOperations": "580500000", "comprehensiveIncomeNetOfTax": "None", "ebit": "642200000", "ebitda": "744800000", "netIncome": "539700000"}, {"fiscalDateEnding": "2017-12-31", "reportedCurrency": "EUR", "grossProfit": "1156100000", "totalRevenue": "2560400000", "costOfRevenue": "1404300000", "costofGoodsAndServicesSold": "1404300000", "operatingIncome": "750000000", "sellingGeneralAndAdministrative": "112700000", "researchAndDevelopment": "317400000", "operatingExpenses": "406100000", "investmentIncomeNet": "None", "netInterestIncome": "None", "interestIncome": "None", "interestExpense": "12975935", "nonInterestIncome": "None", "otherNonOperatingIncome": "None", "depreciation": "None", "depreciationAndAmortization": "102300000", "incomeBeforeTax": "720400000", "incomeTaxExpense": "77400000", "interestAndDebtExpense": "None", "netIncomeFromContinuingOperations": "1982202000", "comprehensiveIncomeNetOfTax": "None", "ebit": "726000000", "ebitda": "828300000", "netIncome": "643000000"}, {"fiscalDateEnding": "2017-09-30", "reportedCurrency": "EUR", "grossProfit": "1049500000", "totalRevenue": "2447400000", "costOfRevenue": "1397900000", "costofGoodsAndServicesSold": "1397900000", "operatingIncome": "655600000", "sellingGeneralAndAdministrative": "103300000", "researchAndDevelopment": "314500000", "operatingExpenses": "393900000", "investmentIncomeNet": "None", "netInterestIncome": "None", "interestIncome": "None", "interestExpense": "12466121", "nonInterestIncome": "None", "otherNonOperatingIncome": "None", "depreciation": "None", "depreciationAndAmortization": "101200000", "incomeBeforeTax": "643100000", "incomeTaxExpense": "86000000", "interestAndDebtExpense": "None", "netIncomeFromContinuingOperations": "530697000", "comprehensiveIncomeNetOfTax": "None", "ebit": "631700000", "ebitda": "732900000", "netIncome": "557100000"}, {"fiscalDateEnding": "2017-06-30", "reportedCurrency": "EUR", "grossProfit": "946500000", "totalRevenue": "2101400000", "costOfRevenue": "1154900000", "costofGoodsAndServicesSold": "1154900000", "operatingIncome": "555800000", "sellingGeneralAndAdministrative": "502711000", "researchAndDevelopment": "312700000", "operatingExpenses": "390700000", "investmentIncomeNet": "None", "netInterestIncome": "None", "interestIncome": "None", "interestExpense": "11784582", "nonInterestIncome": "None", "otherNonOperatingIncome": "None", "depreciation": "None", "depreciationAndAmortization": "103900000", "incomeBeforeTax": "545000000", "incomeTaxExpense": "78700000", "interestAndDebtExpense": "None", "netIncomeFromContinuingOperations": "-907099000", "comprehensiveIncomeNetOfTax": "None", "ebit": "531800000", "ebitda": "635700000", "netIncome": "466300000"}, {"fiscalDateEnding": "2017-03-31", "reportedCurrency": "EUR", "grossProfit": "924600000", "totalRevenue": "1943600000", "costOfRevenue": "1019000000", "costofGoodsAndServicesSold": "1019000000", "operatingIncome": "534800000", "sellingGeneralAndAdministrative": "442576000", "researchAndDevelopment": "315100000", "operatingExpenses": "389800000", "investmentIncomeNet": "None", "netInterestIncome": "None", "interestIncome": "None", "interestExpense": "14024388", "nonInterestIncome": "None", "otherNonOperatingIncome": "None", "depreciation": "None", "depreciationAndAmortization": "110100000", "incomeBeforeTax": "520700000", "incomeTaxExpense": "68600000", "interestAndDebtExpense": "None", "netIncomeFromContinuingOperations": "460900000", "comprehensiveIncomeNetOfTax": "None", "ebit": "510900000", "ebitda": "621000000", "netIncome": "452100000"}, {"fiscalDateEnding": "2016-12-31", "reportedCurrency": "EUR", "grossProfit": "900600000", "totalRevenue": "1907400000", "costOfRevenue": "1006800000", "costofGoodsAndServicesSold": "1006800000", "operatingIncome": "529900000", "sellingGeneralAndAdministrative": "106800000", "researchAndDevelopment": "287400000", "operatingExpenses": "370700000", "investmentIncomeNet": "None", "netInterestIncome": "None", "interestIncome": "None", "interestExpense": "74800000", "nonInterestIncome": "None", "otherNonOperatingIncome": "None", "depreciation": "None", "depreciationAndAmortization": "103100000", "incomeBeforeTax": "604700000", "incomeTaxExpense": "80500000", "interestAndDebtExpense": "None", "netIncomeFromContinuingOperations": "1557800000", "comprehensiveIncomeNetOfTax": "None", "ebit": "506400000", "ebitda": "609500000", "netIncome": "524200000"}, {"fiscalDateEnding": "2016-09-30", "reportedCurrency": "EUR", "grossProfit": "834400000", "totalRevenue": "1814600000", "costOfRevenue": "980200000", "costofGoodsAndServicesSold": "980200000", "operatingIncome": "495600000", "sellingGeneralAndAdministrative": "88800000", "researchAndDevelopment": "273400000", "operatingExpenses": "338800000", "investmentIncomeNet": "None", "netInterestIncome": "None", "interestIncome": "None", "interestExpense": "33708566", "nonInterestIncome": "None", "otherNonOperatingIncome": "None", "depreciation": "None", "depreciationAndAmortization": "87700000", "incomeBeforeTax": "461700000", "incomeTaxExpense": "65800000", "interestAndDebtExpense": "None", "netIncomeFromContinuingOperations": "0", "comprehensiveIncomeNetOfTax": "None", "ebit": "472200000", "ebitda": "559900000", "netIncome": "395900000"}, {"fiscalDateEnding": "2016-06-30", "reportedCurrency": "EUR", "grossProfit": "741400000", "totalRevenue": "1739600000", "costOfRevenue": "998200000", "costofGoodsAndServicesSold": "998200000", "operatingIncome": "404200000", "sellingGeneralAndAdministrative": "384804000", "researchAndDevelopment": "270300000", "operatingExpenses": "337200000", "investmentIncomeNet": "None", "netInterestIncome": "None", "interestIncome": "None", "interestExpense": "3600000", "nonInterestIncome": "None", "otherNonOperatingIncome": "None", "depreciation": "None", "depreciationAndAmortization": "84100000", "incomeBeforeTax": "400600000", "incomeTaxExpense": "46800000", "interestAndDebtExpense": "None", "netIncomeFromContinuingOperations": "0", "comprehensiveIncomeNetOfTax": "None", "ebit": "380700000", "ebitda": "464800000", "netIncome": "353800000"}, {"fiscalDateEnding": "2016-03-31", "reportedCurrency": "EUR", "grossProfit": "568100000", "totalRevenue": "1333200000", "costOfRevenue": "765100000", "costofGoodsAndServicesSold": "765100000", "operatingIncome": "228000000", "sellingGeneralAndAdministrative": "414026000", "researchAndDevelopment": "274700000", "operatingExpenses": "340100000", "investmentIncomeNet": "None", "netInterestIncome": "None", "interestIncome": "None", "interestExpense": "3600000", "nonInterestIncome": "None", "otherNonOperatingIncome": "None", "depreciation": "None", "depreciationAndAmortization": "82000000", "incomeBeforeTax": "224400000", "incomeTaxExpense": "26400000", "interestAndDebtExpense": "None", "netIncomeFromContinuingOperations": "0", "comprehensiveIncomeNetOfTax": "None", "ebit": "204600000", "ebitda": "286600000", "netIncome": "198000000"}, {"fiscalDateEnding": "2015-12-31", "reportedCurrency": "EUR", "grossProfit": "659844000", "totalRevenue": "1434175000", "costOfRevenue": "774331000", "costofGoodsAndServicesSold": "774331000", "operatingIncome": "318135000", "sellingGeneralAndAdministrative": "89532000", "researchAndDevelopment": "272977000", "operatingExpenses": "341709000", "investmentIncomeNet": "None", "netInterestIncome": "None", "interestIncome": "None", "interestExpense": "4615000", "nonInterestIncome": "None", "otherNonOperatingIncome": "None", "depreciation": "None", "depreciationAndAmortization": "80484000", "incomeBeforeTax": "313520000", "incomeTaxExpense": "21146000", "interestAndDebtExpense": "None", "netIncomeFromContinuingOperations": "1619500000", "comprehensiveIncomeNetOfTax": "None", "ebit": "297335000", "ebitda": "377819000", "netIncome": "292374000"}, {"fiscalDateEnding": "2015-09-30", "reportedCurrency": "EUR", "grossProfit": "703500000", "totalRevenue": "1549200000", "costOfRevenue": "845700000", "costofGoodsAndServicesSold": "845700000", "operatingIncome": "372400000", "sellingGeneralAndAdministrative": "85600000", "researchAndDevelopment": "266300000", "operatingExpenses": "331100000", "investmentIncomeNet": "None", "netInterestIncome": "None", "interestIncome": "None", "interestExpense": "4200000", "nonInterestIncome": "None", "otherNonOperatingIncome": "None", "depreciation": "None", "depreciationAndAmortization": "77500000", "incomeBeforeTax": "368200000", "incomeTaxExpense": "45800000", "interestAndDebtExpense": "None", "netIncomeFromContinuingOperations": "0", "comprehensiveIncomeNetOfTax": "None", "ebit": "351600000", "ebitda": "429100000", "netIncome": "322400000"}, {"fiscalDateEnding": "2015-06-30", "reportedCurrency": "EUR", "grossProfit": "753800000", "totalRevenue": "1654100000", "costOfRevenue": "900300000", "costofGoodsAndServicesSold": "900300000", "operatingIncome": "418900000", "sellingGeneralAndAdministrative": "410915000", "researchAndDevelopment": "267400000", "operatingExpenses": "334900000", "investmentIncomeNet": "None", "netInterestIncome": "None", "interestIncome": "None", "interestExpense": "4200000", "nonInterestIncome": "None", "otherNonOperatingIncome": "None", "depreciation": "None", "depreciationAndAmortization": "72800000", "incomeBeforeTax": "414700000", "incomeTaxExpense": "45000000", "interestAndDebtExpense": "None", "netIncomeFromContinuingOperations": "0", "comprehensiveIncomeNetOfTax": "None", "ebit": "398100000", "ebitda": "470900000", "netIncome": "369700000"}, {"fiscalDateEnding": "2015-03-31", "reportedCurrency": "EUR", "grossProfit": "778600000", "totalRevenue": "1649900000", "costOfRevenue": "871300000", "costofGoodsAndServicesSold": "871300000", "operatingIncome": "455700000", "sellingGeneralAndAdministrative": "369168000", "researchAndDevelopment": "261400000", "operatingExpenses": "322900000", "investmentIncomeNet": "None", "netInterestIncome": "None", "interestIncome": "None", "interestExpense": "3500000", "nonInterestIncome": "None", "otherNonOperatingIncome": "None", "depreciation": "None", "depreciationAndAmortization": "66100000", "incomeBeforeTax": "452200000", "incomeTaxExpense": "49500000", "interestAndDebtExpense": "None", "netIncomeFromContinuingOperations": "0", "comprehensiveIncomeNetOfTax": "None", "ebit": "434900000", "ebitda": "501000000", "netIncome": "402700000"}, {"fiscalDateEnding": "2014-12-31", "reportedCurrency": "EUR", "grossProfit": "656874000", "totalRevenue": "1493977000", "costOfRevenue": "837103000", "costofGoodsAndServicesSold": "837103000", "operatingIncome": "329735000", "sellingGeneralAndAdministrative": "79410000", "researchAndDevelopment": "267935000", "operatingExpenses": "327139000", "investmentIncomeNet": "None", "netInterestIncome": "None", "interestIncome": "None", "interestExpense": "2600000", "nonInterestIncome": "None", "otherNonOperatingIncome": "None", "depreciation": "None", "depreciationAndAmortization": "62544000", "incomeBeforeTax": "327135000", "incomeTaxExpense": "22295000", "interestAndDebtExpense": "None", "netIncomeFromContinuingOperations": "1418320000", "comprehensiveIncomeNetOfTax": "None", "ebit": "309529000", "ebitda": "372073000", "netIncome": "304840000"}, {"fiscalDateEnding": "2014-09-30", "reportedCurrency": "EUR", "grossProfit": "578100000", "totalRevenue": "1322200000", "costOfRevenue": "744100000", "costofGoodsAndServicesSold": "744100000", "operatingIncome": "261400000", "sellingGeneralAndAdministrative": "76900000", "researchAndDevelopment": "260100000", "operatingExpenses": "316700000", "investmentIncomeNet": "None", "netInterestIncome": "None", "interestIncome": "None", "interestExpense": "2000000", "nonInterestIncome": "None", "otherNonOperatingIncome": "None", "depreciation": "None", "depreciationAndAmortization": "60400000", "incomeBeforeTax": "259400000", "incomeTaxExpense": "15400000", "interestAndDebtExpense": "None", "netIncomeFromContinuingOperations": "0", "comprehensiveIncomeNetOfTax": "None", "ebit": "241100000", "ebitda": "301500000", "netIncome": "244000000"}, {"fiscalDateEnding": "2014-06-30", "reportedCurrency": "EUR", "grossProfit": "751900000", "totalRevenue": "1643600000", "costOfRevenue": "891700000", "costofGoodsAndServicesSold": "891700000", "operatingIncome": "425400000", "sellingGeneralAndAdministrative": "471602000", "researchAndDevelopment": "266900000", "operatingExpenses": "326500000", "investmentIncomeNet": "None", "netInterestIncome": "None", "interestIncome": "None", "interestExpense": "1400000", "nonInterestIncome": "None", "otherNonOperatingIncome": "None", "depreciation": "None", "depreciationAndAmortization": "67000000", "incomeBeforeTax": "424000000", "incomeTaxExpense": "25300000", "interestAndDebtExpense": "None", "netIncomeFromContinuingOperations": "0", "comprehensiveIncomeNetOfTax": "None", "ebit": "405100000", "ebitda": "472100000", "netIncome": "398700000"}, {"fiscalDateEnding": "2014-03-31", "reportedCurrency": "EUR", "grossProfit": "609500000", "totalRevenue": "1396500000", "costOfRevenue": "787000000", "costofGoodsAndServicesSold": "787000000", "operatingIncome": "265700000", "sellingGeneralAndAdministrative": "501483000", "researchAndDevelopment": "279100000", "operatingExpenses": "343800000", "investmentIncomeNet": "None", "netInterestIncome": "None", "interestIncome": "None", "interestExpense": "2600000", "nonInterestIncome": "None", "otherNonOperatingIncome": "None", "depreciation": "None", "depreciationAndAmortization": "64700000", "incomeBeforeTax": "263100000", "incomeTaxExpense": "14000000", "interestAndDebtExpense": "None", "netIncomeFromContinuingOperations": "0", "comprehensiveIncomeNetOfTax": "None", "ebit": "245500000", "ebitda": "310200000", "netIncome": "249100000"}, {"fiscalDateEnding": "2013-12-31", "reportedCurrency": "EUR", "grossProfit": "805700000", "totalRevenue": "1848300000", "costOfRevenue": "1042600000", "costofGoodsAndServicesSold": "1042600000", "operatingIncome": "479800000", "sellingGeneralAndAdministrative": "90000000", "researchAndDevelopment": "253100000", "operatingExpenses": "325900000", "investmentIncomeNet": "None", "netInterestIncome": "None", "interestIncome": "None", "interestExpense": "3500000", "nonInterestIncome": "None", "otherNonOperatingIncome": "None", "depreciation": "None", "depreciationAndAmortization": "67575000", "incomeBeforeTax": "476300000", "incomeTaxExpense": "-4800000", "interestAndDebtExpense": "None", "netIncomeFromContinuingOperations": "0", "comprehensiveIncomeNetOfTax": "None", "ebit": "462600000", "ebitda": "530175000", "netIncome": "481100000"}, {"fiscalDateEnding": "2013-09-30", "reportedCurrency": "EUR", "grossProfit": "530800000", "totalRevenue": "1318200000", "costOfRevenue": "787400000", "costofGoodsAndServicesSold": "787400000", "operatingIncome": "212200000", "sellingGeneralAndAdministrative": "91200000", "researchAndDevelopment": "244100000", "operatingExpenses": "318600000", "investmentIncomeNet": "None", "netInterestIncome": "None", "interestIncome": "None", "interestExpense": "11600000", "nonInterestIncome": "None", "otherNonOperatingIncome": "None", "depreciation": "None", "depreciationAndAmortization": "67900000", "incomeBeforeTax": "200600000", "incomeTaxExpense": "7500000", "interestAndDebtExpense": "None", "netIncomeFromContinuingOperations": "0", "comprehensiveIncomeNetOfTax": "None", "ebit": "195500000", "ebitda": "263400000", "netIncome": "193100000"}, {"fiscalDateEnding": "2013-06-30", "reportedCurrency": "EUR", "grossProfit": "500000000", "totalRevenue": "1186700000", "costOfRevenue": "686700000", "costofGoodsAndServicesSold": "686700000", "operatingIncome": "248400000", "sellingGeneralAndAdministrative": "343840000", "researchAndDevelopment": "200000000", "operatingExpenses": "251600000", "investmentIncomeNet": "None", "netInterestIncome": "None", "interestIncome": "None", "interestExpense": "6000000", "nonInterestIncome": "None", "otherNonOperatingIncome": "None", "depreciation": "None", "depreciationAndAmortization": "48800000", "incomeBeforeTax": "242400000", "incomeTaxExpense": "-2700000", "interestAndDebtExpense": "None", "netIncomeFromContinuingOperations": "0", "comprehensiveIncomeNetOfTax": "None", "ebit": "232100000", "ebitda": "280900000", "netIncome": "245100000"}, {"fiscalDateEnding": "2013-03-31", "reportedCurrency": "EUR", "grossProfit": "340700000", "totalRevenue": "892100000", "costOfRevenue": "551400000", "costofGoodsAndServicesSold": "551400000", "operatingIncome": "107500000", "sellingGeneralAndAdministrative": "317068000", "researchAndDevelopment": "184800000", "operatingExpenses": "233200000", "investmentIncomeNet": "None", "netInterestIncome": "None", "interestIncome": "None", "interestExpense": "3300000", "nonInterestIncome": "None", "otherNonOperatingIncome": "None", "depreciation": "None", "depreciationAndAmortization": "44500000", "incomeBeforeTax": "104200000", "incomeTaxExpense": "8000000", "interestAndDebtExpense": "None", "netIncomeFromContinuingOperations": "0", "comprehensiveIncomeNetOfTax": "None", "ebit": "93300000", "ebitda": "137800000", "netIncome": "96200000"}, {"fiscalDateEnding": "2012-12-31", "reportedCurrency": "EUR", "grossProfit": "420200000", "totalRevenue": "1023100000", "costOfRevenue": "602900000", "costofGoodsAndServicesSold": "602900000", "operatingIncome": "185300000", "sellingGeneralAndAdministrative": "79500000", "researchAndDevelopment": "155400000", "operatingExpenses": "234900000", "investmentIncomeNet": "None", "netInterestIncome": "None", "interestIncome": "None", "interestExpense": "3400000", "nonInterestIncome": "None", "otherNonOperatingIncome": "None", "depreciation": "None", "depreciationAndAmortization": "43520000", "incomeBeforeTax": "181900000", "incomeTaxExpense": "-115800000", "interestAndDebtExpense": "None", "netIncomeFromContinuingOperations": "0", "comprehensiveIncomeNetOfTax": "None", "ebit": "185300000", "ebitda": "228820000", "netIncome": "297700000"}, {"fiscalDateEnding": "2012-09-30", "reportedCurrency": "EUR", "grossProfit": "531000000", "totalRevenue": "1228800000", "costOfRevenue": "697800000", "costofGoodsAndServicesSold": "697800000", "operatingIncome": "317500000", "sellingGeneralAndAdministrative": "69700000", "researchAndDevelopment": "143800000", "operatingExpenses": "213500000", "investmentIncomeNet": "None", "netInterestIncome": "None", "interestIncome": "None", "interestExpense": "2500000", "nonInterestIncome": "None", "otherNonOperatingIncome": "None", "depreciation": "None", "depreciationAndAmortization": "36700000", "incomeBeforeTax": "315000000", "incomeTaxExpense": "40300000", "interestAndDebtExpense": "None", "netIncomeFromContinuingOperations": "0", "comprehensiveIncomeNetOfTax": "None", "ebit": "317500000", "ebitda": "354200000", "netIncome": "274700000"}, {"fiscalDateEnding": "2012-06-30", "reportedCurrency": "EUR", "grossProfit": "530400000", "totalRevenue": "1227700000", "costOfRevenue": "697300000", "costofGoodsAndServicesSold": "697300000", "operatingIncome": "331100000", "sellingGeneralAndAdministrative": "239107000", "researchAndDevelopment": "144600000", "operatingExpenses": "199300000", "investmentIncomeNet": "None", "netInterestIncome": "None", "interestIncome": "None", "interestExpense": "900000", "nonInterestIncome": "None", "otherNonOperatingIncome": "None", "depreciation": "None", "depreciationAndAmortization": "56800000", "incomeBeforeTax": "330200000", "incomeTaxExpense": "38300000", "interestAndDebtExpense": "None", "netIncomeFromContinuingOperations": "0", "comprehensiveIncomeNetOfTax": "None", "ebit": "331100000", "ebitda": "387900000", "netIncome": "291900000"}, {"fiscalDateEnding": "2012-03-31", "reportedCurrency": "EUR", "grossProfit": "523600000", "totalRevenue": "1251900000", "costOfRevenue": "728300000", "costofGoodsAndServicesSold": "728300000", "operatingIncome": "322900000", "sellingGeneralAndAdministrative": "267613000", "researchAndDevelopment": "145300000", "operatingExpenses": "200700000", "investmentIncomeNet": "None", "netInterestIncome": "None", "interestIncome": "None", "interestExpense": "600000", "nonInterestIncome": "None", "otherNonOperatingIncome": "None", "depreciation": "None", "depreciationAndAmortization": "49600000", "incomeBeforeTax": "323500000", "incomeTaxExpense": "41500000", "interestAndDebtExpense": "None", "netIncomeFromContinuingOperations": "0", "comprehensiveIncomeNetOfTax": "None", "ebit": "322900000", "ebitda": "372500000", "netIncome": "282000000"}, {"fiscalDateEnding": "2011-12-31", "reportedCurrency": "EUR", "grossProfit": "496390000", "totalRevenue": "1210935000", "costOfRevenue": "714545000", "costofGoodsAndServicesSold": "714545000", "operatingIncome": "289716000", "sellingGeneralAndAdministrative": "56304000", "researchAndDevelopment": "150370000", "operatingExpenses": "206674000", "investmentIncomeNet": "None", "netInterestIncome": "None", "interestIncome": "None", "interestExpense": "1519000", "nonInterestIncome": "None", "otherNonOperatingIncome": "None", "depreciation": "None", "depreciationAndAmortization": "40085000", "incomeBeforeTax": "291235000", "incomeTaxExpense": "6575000", "interestAndDebtExpense": "None", "netIncomeFromContinuingOperations": "0", "comprehensiveIncomeNetOfTax": "None", "ebit": "330872000", "ebitda": "370957000", "netIncome": "284660000"}, {"fiscalDateEnding": "2011-09-30", "reportedCurrency": "EUR", "grossProfit": "613400000", "totalRevenue": "1458500000", "costOfRevenue": "845100000", "costofGoodsAndServicesSold": "845100000", "operatingIncome": "407300000", "sellingGeneralAndAdministrative": "56300000", "researchAndDevelopment": "149800000", "operatingExpenses": "206100000", "investmentIncomeNet": "None", "netInterestIncome": "None", "interestIncome": "None", "interestExpense": "36213723", "nonInterestIncome": "None", "otherNonOperatingIncome": "None", "depreciation": "None", "depreciationAndAmortization": "-13127000", "incomeBeforeTax": "409500000", "incomeTaxExpense": "54300000", "interestAndDebtExpense": "None", "netIncomeFromContinuingOperations": "0", "comprehensiveIncomeNetOfTax": "None", "ebit": "366144000", "ebitda": "353017000", "netIncome": "355200000"}, {"fiscalDateEnding": "2011-06-30", "reportedCurrency": "EUR", "grossProfit": "690000000", "totalRevenue": "1529400000", "costOfRevenue": "839400000", "costofGoodsAndServicesSold": "839400000", "operatingIncome": "494400000", "sellingGeneralAndAdministrative": "290863000", "researchAndDevelopment": "144700000", "operatingExpenses": "195600000", "investmentIncomeNet": "None", "netInterestIncome": "None", "interestIncome": "None", "interestExpense": "1800000", "nonInterestIncome": "None", "otherNonOperatingIncome": "None", "depreciation": "None", "depreciationAndAmortization": "99027000", "incomeBeforeTax": "496200000", "incomeTaxExpense": "64100000", "interestAndDebtExpense": "None", "netIncomeFromContinuingOperations": "0", "comprehensiveIncomeNetOfTax": "None", "ebit": "494400000", "ebitda": "593427000", "netIncome": "432100000"}, {"fiscalDateEnding": "2011-03-31", "reportedCurrency": "EUR", "grossProfit": "649600000", "totalRevenue": "1452200000", "costOfRevenue": "802600000", "costofGoodsAndServicesSold": "802600000", "operatingIncome": "449800000", "sellingGeneralAndAdministrative": "283376000", "researchAndDevelopment": "145400000", "operatingExpenses": "199800000", "investmentIncomeNet": "None", "netInterestIncome": "None", "interestIncome": "None", "interestExpense": "1900000", "nonInterestIncome": "None", "otherNonOperatingIncome": "None", "depreciation": "None", "depreciationAndAmortization": "39200000", "incomeBeforeTax": "451700000", "incomeTaxExpense": "56700000", "interestAndDebtExpense": "None", "netIncomeFromContinuingOperations": "0", "comprehensiveIncomeNetOfTax": "None", "ebit": "449800000", "ebitda": "489000000", "netIncome": "395000000"}, {"fiscalDateEnding": "2010-12-31", "reportedCurrency": "EUR", "grossProfit": "684670000", "totalRevenue": "1521438000", "costOfRevenue": "836768000", "costofGoodsAndServicesSold": "836768000", "operatingIncome": "493599000", "sellingGeneralAndAdministrative": "50045000", "researchAndDevelopment": "141026000", "operatingExpenses": "191071000", "investmentIncomeNet": "None", "netInterestIncome": "None", "interestIncome": "None", "interestExpense": "1076000", "nonInterestIncome": "None", "otherNonOperatingIncome": "None", "depreciation": "None", "depreciationAndAmortization": "39544000", "incomeBeforeTax": "492523000", "incomeTaxExpense": "85703000", "interestAndDebtExpense": "None", "netIncomeFromContinuingOperations": "0", "comprehensiveIncomeNetOfTax": "None", "ebit": "508724000", "ebitda": "548268000", "netIncome": "406820000"}, {"fiscalDateEnding": "2010-09-30", "reportedCurrency": "EUR", "grossProfit": "512500000", "totalRevenue": "1176000000", "costOfRevenue": "663500000", "costofGoodsAndServicesSold": "663500000", "operatingIncome": "327800000", "sellingGeneralAndAdministrative": "47900000", "researchAndDevelopment": "136800000", "operatingExpenses": "184700000", "investmentIncomeNet": "None", "netInterestIncome": "None", "interestIncome": "None", "interestExpense": "1600000", "nonInterestIncome": "None", "otherNonOperatingIncome": "None", "depreciation": "None", "depreciationAndAmortization": "41000000", "incomeBeforeTax": "326200000", "incomeTaxExpense": "57700000", "interestAndDebtExpense": "None", "netIncomeFromContinuingOperations": "0", "comprehensiveIncomeNetOfTax": "None", "ebit": "327800000", "ebitda": "368800000", "netIncome": "268500000"}, {"fiscalDateEnding": "2010-06-30", "reportedCurrency": "EUR", "grossProfit": "459400000", "totalRevenue": "1068700000", "costOfRevenue": "609300000", "costofGoodsAndServicesSold": "609300000", "operatingIncome": "292400000", "sellingGeneralAndAdministrative": "185289000", "researchAndDevelopment": "125300000", "operatingExpenses": "167000000", "investmentIncomeNet": "None", "netInterestIncome": "None", "interestIncome": "None", "interestExpense": "2700000", "nonInterestIncome": "None", "otherNonOperatingIncome": "None", "depreciation": "None", "depreciationAndAmortization": "36200000", "incomeBeforeTax": "289700000", "incomeTaxExpense": "50500000", "interestAndDebtExpense": "None", "netIncomeFromContinuingOperations": "0", "comprehensiveIncomeNetOfTax": "None", "ebit": "292400000", "ebitda": "328600000", "netIncome": "239200000"}, {"fiscalDateEnding": "2010-03-31", "reportedCurrency": "EUR", "grossProfit": "298600000", "totalRevenue": "741800000", "costOfRevenue": "443200000", "costofGoodsAndServicesSold": "443200000", "operatingIncome": "136900000", "sellingGeneralAndAdministrative": "218716000", "researchAndDevelopment": "120300000", "operatingExpenses": "161700000", "investmentIncomeNet": "None", "netInterestIncome": "None", "interestIncome": "None", "interestExpense": "2800000", "nonInterestIncome": "None", "otherNonOperatingIncome": "None", "depreciation": "None", "depreciationAndAmortization": "34700000", "incomeBeforeTax": "134100000", "incomeTaxExpense": "26800000", "interestAndDebtExpense": "None", "netIncomeFromContinuingOperations": "0", "comprehensiveIncomeNetOfTax": "None", "ebit": "136900000", "ebitda": "171600000", "netIncome": "107300000"}, {"fiscalDateEnding": "2009-12-31", "reportedCurrency": "EUR", "grossProfit": "220333000", "totalRevenue": "580566000", "costOfRevenue": "360233000", "costofGoodsAndServicesSold": "360233000", "operatingIncome": "67809000", "sellingGeneralAndAdministrative": "37134000", "researchAndDevelopment": "115390000", "operatingExpenses": "152524000", "investmentIncomeNet": "None", "netInterestIncome": "None", "interestIncome": "None", "interestExpense": "2885000", "nonInterestIncome": "None", "otherNonOperatingIncome": "None", "depreciation": "None", "depreciationAndAmortization": "31363000", "incomeBeforeTax": "64924000", "incomeTaxExpense": "14444000", "interestAndDebtExpense": "None", "netIncomeFromContinuingOperations": "0", "comprehensiveIncomeNetOfTax": "None", "ebit": "110575000", "ebitda": "141938000", "netIncome": "50480000"}, {"fiscalDateEnding": "2009-09-30", "reportedCurrency": "EUR", "grossProfit": "191300000", "totalRevenue": "555300000", "costOfRevenue": "364000000", "costofGoodsAndServicesSold": "364000000", "operatingIncome": "38600000", "sellingGeneralAndAdministrative": "37537000", "researchAndDevelopment": "115200000", "operatingExpenses": "152700000", "investmentIncomeNet": "None", "netInterestIncome": "None", "interestIncome": "None", "interestExpense": "2400000", "nonInterestIncome": "None", "otherNonOperatingIncome": "None", "depreciation": "None", "depreciationAndAmortization": "33800000", "incomeBeforeTax": "36200000", "incomeTaxExpense": "16400000", "interestAndDebtExpense": "None", "netIncomeFromContinuingOperations": "0", "comprehensiveIncomeNetOfTax": "None", "ebit": "38600000", "ebitda": "72400000", "netIncome": "19800000"}, {"fiscalDateEnding": "2009-06-30", "reportedCurrency": "EUR", "grossProfit": "34400000", "totalRevenue": "276600000", "costOfRevenue": "242200000", "costofGoodsAndServicesSold": "242200000", "operatingIncome": "-123800000", "sellingGeneralAndAdministrative": "233846000", "researchAndDevelopment": "117900000", "operatingExpenses": "158200000", "investmentIncomeNet": "None", "netInterestIncome": "None", "interestIncome": "None", "interestExpense": "900000", "nonInterestIncome": "None", "otherNonOperatingIncome": "None", "depreciation": "None", "depreciationAndAmortization": "35100000", "incomeBeforeTax": "-124700000", "incomeTaxExpense": "-20700000", "interestAndDebtExpense": "None", "netIncomeFromContinuingOperations": "0", "comprehensiveIncomeNetOfTax": "None", "ebit": "-123800000", "ebitda": "-88700000", "netIncome": "-104000000"}, {"fiscalDateEnding": "2009-03-31", "reportedCurrency": "EUR", "grossProfit": "12400000", "totalRevenue": "183600000", "costOfRevenue": "171200000", "costofGoodsAndServicesSold": "171200000", "operatingIncome": "-146300000", "sellingGeneralAndAdministrative": "210374000", "researchAndDevelopment": "118300000", "operatingExpenses": "158700000", "investmentIncomeNet": "None", "netInterestIncome": "None", "interestIncome": "None", "interestExpense": "1700000", "nonInterestIncome": "None", "otherNonOperatingIncome": "None", "depreciation": "None", "depreciationAndAmortization": "38700000", "incomeBeforeTax": "-148000000", "incomeTaxExpense": "-30800000", "interestAndDebtExpense": "None", "netIncomeFromContinuingOperations": "0", "comprehensiveIncomeNetOfTax": "None", "ebit": "-146300000", "ebitda": "-107600000", "netIncome": "-117200000"}, {"fiscalDateEnding": "2008-12-31", "reportedCurrency": "EUR", "grossProfit": "42506494", "totalRevenue": "503616946", "costOfRevenue": "461110451", "costofGoodsAndServicesSold": "461110451", "operatingIncome": "-134033544", "sellingGeneralAndAdministrative": "47404795.76", "researchAndDevelopment": "151384388", "operatingExpenses": "176540039", "investmentIncomeNet": "None", "netInterestIncome": "None", "interestIncome": "None", "interestExpense": "69453000", "nonInterestIncome": "None", "otherNonOperatingIncome": "None", "depreciation": "None", "depreciationAndAmortization": "33273161", "incomeBeforeTax": "-128994712.50", "incomeTaxExpense": "-42200916.50", "interestAndDebtExpense": "None", "netIncomeFromContinuingOperations": "0", "comprehensiveIncomeNetOfTax": "None", "ebit": "-134033544.70", "ebitda": "-100760383.70", "netIncome": "-86793796"}, {"fiscalDateEnding": "2008-09-30", "reportedCurrency": "EUR", "grossProfit": "265129381", "totalRevenue": "695702374", "costOfRevenue": "430572992", "costofGoodsAndServicesSold": "430572992", "operatingIncome": "83246310", "sellingGeneralAndAdministrative": "51873879.99", "researchAndDevelopment": "130009191", "operatingExpenses": "181883070", "investmentIncomeNet": "None", "netInterestIncome": "None", "interestIncome": "None", "interestExpense": "0", "nonInterestIncome": "None", "otherNonOperatingIncome": "None", "depreciation": "None", "depreciationAndAmortization": "29027638", "incomeBeforeTax": "90297163", "incomeTaxExpense": "17086314", "interestAndDebtExpense": "None", "netIncomeFromContinuingOperations": "0", "comprehensiveIncomeNetOfTax": "None", "ebit": "83246311", "ebitda": "112273949", "netIncome": "73210849"}, {"fiscalDateEnding": "2008-06-30", "reportedCurrency": "EUR", "grossProfit": "337770905", "totalRevenue": "844914654", "costOfRevenue": "507143748", "costofGoodsAndServicesSold": "507143748", "operatingIncome": "150994358", "sellingGeneralAndAdministrative": "292813000", "researchAndDevelopment": "130358119", "operatingExpenses": "186776547", "investmentIncomeNet": "None", "netInterestIncome": "None", "interestIncome": "None", "interestExpense": "0", "nonInterestIncome": "None", "otherNonOperatingIncome": "None", "depreciation": "None", "depreciationAndAmortization": "26611789", "incomeBeforeTax": "157372369.40", "incomeTaxExpense": "-34776907.60", "interestAndDebtExpense": "None", "netIncomeFromContinuingOperations": "0", "comprehensiveIncomeNetOfTax": "None", "ebit": "150994358", "ebitda": "177606147", "netIncome": "192149277"}, {"fiscalDateEnding": "2008-03-31", "reportedCurrency": "EUR", "grossProfit": "373434566", "totalRevenue": "918739694", "costOfRevenue": "545305127", "costofGoodsAndServicesSold": "545305127", "operatingIncome": "187942189", "sellingGeneralAndAdministrative": "293320000", "researchAndDevelopment": "128193747", "operatingExpenses": "185492377", "investmentIncomeNet": "None", "netInterestIncome": "None", "interestIncome": "None", "interestExpense": "0", "nonInterestIncome": "None", "otherNonOperatingIncome": "None", "depreciation": "None", "depreciationAndAmortization": "30560282", "incomeBeforeTax": "192143404", "incomeTaxExpense": "47094139", "interestAndDebtExpense": "None", "netIncomeFromContinuingOperations": "0", "comprehensiveIncomeNetOfTax": "None", "ebit": "187942189", "ebitda": "218502471", "netIncome": "145049265"}, {"fiscalDateEnding": "2007-12-31", "reportedCurrency": "EUR", "grossProfit": "398267424", "totalRevenue": "978096152", "costOfRevenue": "579828728", "costofGoodsAndServicesSold": "579828728", "operatingIncome": "211096635", "sellingGeneralAndAdministrative": "57206062.10", "researchAndDevelopment": "129978553", "operatingExpenses": "187170788", "investmentIncomeNet": "None", "netInterestIncome": "None", "interestIncome": "None", "interestExpense": "65296000", "nonInterestIncome": "None", "otherNonOperatingIncome": "None", "depreciation": "None", "depreciationAndAmortization": "20789814", "incomeBeforeTax": "216593024", "incomeTaxExpense": "9593339", "interestAndDebtExpense": "None", "netIncomeFromContinuingOperations": "0", "comprehensiveIncomeNetOfTax": "None", "ebit": "211097336", "ebitda": "231887150", "netIncome": "206999685"}, {"fiscalDateEnding": "2007-09-30", "reportedCurrency": "EUR", "grossProfit": "385070311", "totalRevenue": "934634468", "costOfRevenue": "549564156", "costofGoodsAndServicesSold": "549564156", "operatingIncome": "208899537", "sellingGeneralAndAdministrative": "56060899.23", "researchAndDevelopment": "120110576", "operatingExpenses": "176170774", "investmentIncomeNet": "None", "netInterestIncome": "None", "interestIncome": "None", "interestExpense": "0", "nonInterestIncome": "None", "otherNonOperatingIncome": "None", "depreciation": "None", "depreciationAndAmortization": "28043058", "incomeBeforeTax": "218429308", "incomeTaxExpense": "52103651", "interestAndDebtExpense": "None", "netIncomeFromContinuingOperations": "0", "comprehensiveIncomeNetOfTax": "None", "ebit": "208899537", "ebitda": "236942595", "netIncome": "166325657"}, {"fiscalDateEnding": "2007-06-30", "reportedCurrency": "EUR", "grossProfit": "383236937", "totalRevenue": "930152062", "costOfRevenue": "546915124", "costofGoodsAndServicesSold": "546915124", "operatingIncome": "206544577", "sellingGeneralAndAdministrative": "241429000", "researchAndDevelopment": "120301306", "operatingExpenses": "176692359", "investmentIncomeNet": "None", "netInterestIncome": "None", "interestIncome": "None", "interestExpense": "0", "nonInterestIncome": "None", "otherNonOperatingIncome": "None", "depreciation": "None", "depreciationAndAmortization": "24167097", "incomeBeforeTax": "214713896", "incomeTaxExpense": "55220841", "interestAndDebtExpense": "None", "netIncomeFromContinuingOperations": "0", "comprehensiveIncomeNetOfTax": "None", "ebit": "206543839", "ebitda": "230710936", "netIncome": "159493055"}, {"fiscalDateEnding": "2007-03-31", "reportedCurrency": "EUR", "grossProfit": "391701236", "totalRevenue": "948388092", "costOfRevenue": "556686855", "costofGoodsAndServicesSold": "556686855", "operatingIncome": "195839764", "sellingGeneralAndAdministrative": "231065000", "researchAndDevelopment": "116407068", "operatingExpenses": "195861472", "investmentIncomeNet": "None", "netInterestIncome": "None", "interestIncome": "None", "interestExpense": "0", "nonInterestIncome": "None", "otherNonOperatingIncome": "None", "depreciation": "None", "depreciationAndAmortization": "53346128", "incomeBeforeTax": "206096533", "incomeTaxExpense": "53467395", "interestAndDebtExpense": "None", "netIncomeFromContinuingOperations": "0", "comprehensiveIncomeNetOfTax": "None", "ebit": "218980748", "ebitda": "272326876", "netIncome": "152629138"}, {"fiscalDateEnding": "2006-12-31", "reportedCurrency": "EUR", "grossProfit": "439607032", "totalRevenue": "1070114519", "costOfRevenue": "630507487", "costofGoodsAndServicesSold": "630507487", "operatingIncome": "280182871", "sellingGeneralAndAdministrative": "52223214.22", "researchAndDevelopment": "107200916", "operatingExpenses": "159424161", "investmentIncomeNet": "None", "netInterestIncome": "None", "interestIncome": "None", "interestExpense": "66629000", "nonInterestIncome": "None", "otherNonOperatingIncome": "None", "depreciation": "None", "depreciationAndAmortization": "14701246", "incomeBeforeTax": "285951758", "incomeTaxExpense": "79997424", "interestAndDebtExpense": "None", "netIncomeFromContinuingOperations": "0", "comprehensiveIncomeNetOfTax": "None", "ebit": "280182871", "ebitda": "294884117", "netIncome": "205954334"}, {"fiscalDateEnding": "2006-09-30", "reportedCurrency": "EUR", "grossProfit": "390512976", "totalRevenue": "957450983", "costOfRevenue": "566938007", "costofGoodsAndServicesSold": "566938007", "operatingIncome": "238906320", "sellingGeneralAndAdministrative": "51389175.28", "researchAndDevelopment": "100218268", "operatingExpenses": "151606655", "investmentIncomeNet": "None", "netInterestIncome": "None", "interestIncome": "None", "interestExpense": "0", "nonInterestIncome": "None", "otherNonOperatingIncome": "None", "depreciation": "None", "depreciationAndAmortization": "29529236", "incomeBeforeTax": "238540706", "incomeTaxExpense": "66699238", "interestAndDebtExpense": "None", "netIncomeFromContinuingOperations": "0", "comprehensiveIncomeNetOfTax": "None", "ebit": "238905532", "ebitda": "268434768", "netIncome": "171841468"}, {"fiscalDateEnding": "2006-06-30", "reportedCurrency": "EUR", "grossProfit": "381193503", "totalRevenue": "942423354", "costOfRevenue": "561229851", "costofGoodsAndServicesSold": "561229851", "operatingIncome": "237749184", "sellingGeneralAndAdministrative": "191964000", "researchAndDevelopment": "92385930", "operatingExpenses": "143444319", "investmentIncomeNet": "None", "netInterestIncome": "None", "interestIncome": "None", "interestExpense": "0", "nonInterestIncome": "None", "otherNonOperatingIncome": "None", "depreciation": "None", "depreciationAndAmortization": "20754468", "incomeBeforeTax": "235859204", "incomeTaxExpense": "68628541", "interestAndDebtExpense": "None", "netIncomeFromContinuingOperations": "0", "comprehensiveIncomeNetOfTax": "None", "ebit": "237749185", "ebitda": "258503653", "netIncome": "167230663"}, {"fiscalDateEnding": "2006-03-31", "reportedCurrency": "EUR", "grossProfit": "251495223", "totalRevenue": "629075075", "costOfRevenue": "377579851", "costofGoodsAndServicesSold": "377579851", "operatingIncome": "114286160", "sellingGeneralAndAdministrative": "166642000", "researchAndDevelopment": "86967604", "operatingExpenses": "137209063", "investmentIncomeNet": "None", "netInterestIncome": "None", "interestIncome": "None", "interestExpense": "0", "nonInterestIncome": "None", "otherNonOperatingIncome": "None", "depreciation": "None", "depreciationAndAmortization": "22106967", "incomeBeforeTax": "109911956", "incomeTaxExpense": "29918162", "interestAndDebtExpense": "None", "netIncomeFromContinuingOperations": "0", "comprehensiveIncomeNetOfTax": "None", "ebit": "114286161", "ebitda": "136393128", "netIncome": "79993794"}, {"fiscalDateEnding": "2005-12-31", "reportedCurrency": "EUR", "grossProfit": "204232521", "totalRevenue": "548079875", "costOfRevenue": "343847354", "costofGoodsAndServicesSold": "343847354", "operatingIncome": "74665787", "sellingGeneralAndAdministrative": "47297792.55", "researchAndDevelopment": "82269785", "operatingExpenses": "129566734", "investmentIncomeNet": "None", "netInterestIncome": "None", "interestIncome": "None", "interestExpense": "1845000", "nonInterestIncome": "None", "otherNonOperatingIncome": "None", "depreciation": "None", "depreciationAndAmortization": "21312716", "incomeBeforeTax": "72880983", "incomeTaxExpense": "21216302", "interestAndDebtExpense": "None", "netIncomeFromContinuingOperations": "0", "comprehensiveIncomeNetOfTax": "None", "ebit": "74664112", "ebitda": "95976828", "netIncome": "51664681"}]}