{"symbol": "COR", "annualReports": [{"fiscalDateEnding": "2025-09-30", "reportedCurrency": "USD", "grossProfit": "10141521000", "totalRevenue": "321332819000", "costOfRevenue": "311191298000", "costofGoodsAndServicesSold": "311191298000", "operatingIncome": "3647679000", "sellingGeneralAndAdministrative": "6493842000", "researchAndDevelopment": "None", "operatingExpenses": "6493842000", "investmentIncomeNet": "None", "netInterestIncome": "-291548000", "interestIncome": "128205000", "interestExpense": "419753000", "nonInterestIncome": "None", "otherNonOperatingIncome": "None", "depreciation": "None", "depreciationAndAmortization": "1058243999", "incomeBeforeTax": "2258336000", "incomeTaxExpense": "690522000", "interestAndDebtExpense": "None", "netIncomeFromContinuingOperations": "1567814000", "comprehensiveIncomeNetOfTax": "None", "ebit": "2678089001", "ebitda": "3736333000", "netIncome": "1554169000"}, {"fiscalDateEnding": "2024-09-30", "reportedCurrency": "USD", "grossProfit": "8701238000", "totalRevenue": "293958599000", "costOfRevenue": "285257361000", "costofGoodsAndServicesSold": "285257361000", "operatingIncome": "3040132000", "sellingGeneralAndAdministrative": "5661106000", "researchAndDevelopment": "None", "operatingExpenses": "5661106000", "investmentIncomeNet": "None", "netInterestIncome": "-156991000", "interestIncome": "91691000", "interestExpense": "248682000", "nonInterestIncome": "None", "otherNonOperatingIncome": "None", "depreciation": "None", "depreciationAndAmortization": "1111674000", "incomeBeforeTax": "2003975000", "incomeTaxExpense": "484702000", "interestAndDebtExpense": "None", "netIncomeFromContinuingOperations": "1519273000", "comprehensiveIncomeNetOfTax": "None", "ebit": "2252657000", "ebitda": "3364331000", "netIncome": "1509120000"}, {"fiscalDateEnding": "2023-09-30", "reportedCurrency": "USD", "grossProfit": "7756497000", "totalRevenue": "262173411000", "costOfRevenue": "254416914000", "costofGoodsAndServicesSold": "254416914000", "operatingIncome": "2446513000", "sellingGeneralAndAdministrative": "5309984000", "researchAndDevelopment": "None", "operatingExpenses": "5309984000", "investmentIncomeNet": "None", "netInterestIncome": "-228931000", "interestIncome": "228931000", "interestExpense": "275650000", "nonInterestIncome": "None", "otherNonOperatingIncome": "None", "depreciation": "None", "depreciationAndAmortization": "972393000", "incomeBeforeTax": "2160836000", "incomeTaxExpense": "428260000", "interestAndDebtExpense": "None", "netIncomeFromContinuingOperations": "1732576000", "comprehensiveIncomeNetOfTax": "None", "ebit": "2436486000", "ebitda": "3408879000", "netIncome": "1745293000"}, {"fiscalDateEnding": "2022-09-30", "reportedCurrency": "USD", "grossProfit": "7600636999", "totalRevenue": "238587006000", "costOfRevenue": "230986369000", "costofGoodsAndServicesSold": "230986369000", "operatingIncome": "2751675000", "sellingGeneralAndAdministrative": "4848962000", "researchAndDevelopment": "None", "operatingExpenses": "4848962000", "investmentIncomeNet": "None", "netInterestIncome": "-210673000", "interestIncome": "21309000", "interestExpense": "231982000", "nonInterestIncome": "None", "otherNonOperatingIncome": "None", "depreciation": "None", "depreciationAndAmortization": "697943000", "incomeBeforeTax": "2183057000", "incomeTaxExpense": "516517000", "interestAndDebtExpense": "None", "netIncomeFromContinuingOperations": "1666540000", "comprehensiveIncomeNetOfTax": "None", "ebit": "2415039000", "ebitda": "3112982000", "netIncome": "1698820000"}, {"fiscalDateEnding": "2021-09-30", "reportedCurrency": "USD", "grossProfit": "6269261999", "totalRevenue": "213988843000", "costOfRevenue": "207719581000", "costofGoodsAndServicesSold": "207719581000", "operatingIncome": "2675011000", "sellingGeneralAndAdministrative": "3594251000", "researchAndDevelopment": "None", "operatingExpenses": "3594251000", "investmentIncomeNet": "None", "netInterestIncome": "-174074000", "interestIncome": "8470000", "interestExpense": "182544000", "nonInterestIncome": "None", "otherNonOperatingIncome": "None", "depreciation": "None", "depreciationAndAmortization": "505172000", "incomeBeforeTax": "2221859000", "incomeTaxExpense": "677251000", "interestAndDebtExpense": "None", "netIncomeFromContinuingOperations": "1544608000", "comprehensiveIncomeNetOfTax": "None", "ebit": "2404403000", "ebitda": "2909575000", "netIncome": "1539932000"}, {"fiscalDateEnding": "2020-09-30", "reportedCurrency": "USD", "grossProfit": "4791746000", "totalRevenue": "189893926000", "costOfRevenue": "185102180000", "costofGoodsAndServicesSold": "185102180000", "operatingIncome": "2024529000", "sellingGeneralAndAdministrative": "80573000", "researchAndDevelopment": "None", "operatingExpenses": "2767217000", "investmentIncomeNet": "None", "netInterestIncome": "-137883000", "interestIncome": "20639000", "interestExpense": "158522000", "nonInterestIncome": "None", "otherNonOperatingIncome": "None", "depreciation": "None", "depreciationAndAmortization": "401619000", "incomeBeforeTax": "-5293831000", "incomeTaxExpense": "-1894273000", "interestAndDebtExpense": "None", "netIncomeFromContinuingOperations": "-3399558000", "comprehensiveIncomeNetOfTax": "None", "ebit": "-5135309000", "ebitda": "-4733690000", "netIncome": "-3399558000"}, {"fiscalDateEnding": "2019-09-30", "reportedCurrency": "USD", "grossProfit": "4530033000", "totalRevenue": "179589121000", "costOfRevenue": "175059088000", "costofGoodsAndServicesSold": "175059088000", "operatingIncome": "1866525000", "sellingGeneralAndAdministrative": "76388000", "researchAndDevelopment": "None", "operatingExpenses": "2663508000", "investmentIncomeNet": "None", "netInterestIncome": "-157769000", "interestIncome": "37705000", "interestExpense": "195474000", "nonInterestIncome": "None", "otherNonOperatingIncome": "None", "depreciation": "None", "depreciationAndAmortization": "488544000", "incomeBeforeTax": "967106000", "incomeTaxExpense": "112971000", "interestAndDebtExpense": "None", "netIncomeFromContinuingOperations": "854135000", "comprehensiveIncomeNetOfTax": "None", "ebit": "1162580000", "ebitda": "1651124000", "netIncome": "855365000"}, {"fiscalDateEnding": "2018-09-30", "reportedCurrency": "USD", "grossProfit": "4111252000", "totalRevenue": "167939635000", "costOfRevenue": "163828383000", "costofGoodsAndServicesSold": "163828383000", "operatingIncome": "1650951000", "sellingGeneralAndAdministrative": "67786000", "researchAndDevelopment": "None", "operatingExpenses": "2460301000", "investmentIncomeNet": "None", "netInterestIncome": "None", "interestIncome": "None", "interestExpense": "189640000", "nonInterestIncome": "None", "otherNonOperatingIncome": "None", "depreciation": "None", "depreciationAndAmortization": "499639000", "incomeBeforeTax": "1177423000", "incomeTaxExpense": "-438469000", "interestAndDebtExpense": "None", "netIncomeFromContinuingOperations": "None", "comprehensiveIncomeNetOfTax": "None", "ebit": "1367063000", "ebitda": "1866702000", "netIncome": "1658405000"}, {"fiscalDateEnding": "2017-09-30", "reportedCurrency": "USD", "grossProfit": "4147004000", "totalRevenue": "153143826000", "costOfRevenue": "148996822000", "costofGoodsAndServicesSold": "148996822000", "operatingIncome": "2018274000", "sellingGeneralAndAdministrative": "61673000", "researchAndDevelopment": "None", "operatingExpenses": "2128730000", "investmentIncomeNet": "None", "netInterestIncome": "None", "interestIncome": "None", "interestExpense": "149042000", "nonInterestIncome": "None", "otherNonOperatingIncome": "None", "depreciation": "None", "depreciationAndAmortization": "422923000", "incomeBeforeTax": "917887000", "incomeTaxExpense": "553403000", "interestAndDebtExpense": "None", "netIncomeFromContinuingOperations": "None", "comprehensiveIncomeNetOfTax": "None", "ebit": "1066929000", "ebitda": "1489852000", "netIncome": "414484000"}, {"fiscalDateEnding": "2016-09-30", "reportedCurrency": "USD", "grossProfit": "3774113000", "totalRevenue": "146849686000", "costOfRevenue": "143075573000", "costofGoodsAndServicesSold": "143075573000", "operatingIncome": "1682876000", "sellingGeneralAndAdministrative": "58000000", "researchAndDevelopment": "None", "operatingExpenses": "2091237000", "investmentIncomeNet": "None", "netInterestIncome": "None", "interestIncome": "None", "interestExpense": "144349000", "nonInterestIncome": "None", "otherNonOperatingIncome": "None", "depreciation": "None", "depreciationAndAmortization": "385031000", "incomeBeforeTax": "1390910000", "incomeTaxExpense": "-37019000", "interestAndDebtExpense": "None", "netIncomeFromContinuingOperations": "None", "comprehensiveIncomeNetOfTax": "None", "ebit": "1535259000", "ebitda": "1920290000", "netIncome": "1427929000"}, {"fiscalDateEnding": "2015-09-30", "reportedCurrency": "USD", "grossProfit": "3215185000", "totalRevenue": "135961803000", "costOfRevenue": "132746617999", "costofGoodsAndServicesSold": "132746617999", "operatingIncome": "1307345000", "sellingGeneralAndAdministrative": "55254000", "researchAndDevelopment": "None", "operatingExpenses": "1907840000", "investmentIncomeNet": "None", "netInterestIncome": "None", "interestIncome": "None", "interestExpense": "112021000", "nonInterestIncome": "None", "otherNonOperatingIncome": "None", "depreciation": "None", "depreciationAndAmortization": "249781000", "incomeBeforeTax": "268964000", "incomeTaxExpense": "409036000", "interestAndDebtExpense": "None", "netIncomeFromContinuingOperations": "None", "comprehensiveIncomeNetOfTax": "None", "ebit": "380985000", "ebitda": "630766000", "netIncome": "-134887000"}, {"fiscalDateEnding": "2014-09-30", "reportedCurrency": "USD", "grossProfit": "2772639999", "totalRevenue": "119569127000", "costOfRevenue": "116796487000", "costofGoodsAndServicesSold": "116796487000", "operatingIncome": "1185379000", "sellingGeneralAndAdministrative": "48239000", "researchAndDevelopment": "None", "operatingExpenses": "1587261000", "investmentIncomeNet": "None", "netInterestIncome": "None", "interestIncome": "None", "interestExpense": "77703000", "nonInterestIncome": "None", "otherNonOperatingIncome": "None", "depreciation": "None", "depreciationAndAmortization": "188051000", "incomeBeforeTax": "673428000", "incomeTaxExpense": "389398000", "interestAndDebtExpense": "None", "netIncomeFromContinuingOperations": "None", "comprehensiveIncomeNetOfTax": "None", "ebit": "751131000", "ebitda": "939182000", "netIncome": "276484000"}, {"fiscalDateEnding": "2013-09-30", "reportedCurrency": "USD", "grossProfit": "2322733000", "totalRevenue": "87959167000", "costOfRevenue": "85636434000", "costofGoodsAndServicesSold": "85636434000", "operatingIncome": "989021000", "sellingGeneralAndAdministrative": "46976000", "researchAndDevelopment": "None", "operatingExpenses": "1333712000", "investmentIncomeNet": "None", "netInterestIncome": "None", "interestIncome": "None", "interestExpense": "75048000", "nonInterestIncome": "None", "otherNonOperatingIncome": "None", "depreciation": "None", "depreciationAndAmortization": "165829000", "incomeBeforeTax": "824458000", "incomeTaxExpense": "331023000", "interestAndDebtExpense": "None", "netIncomeFromContinuingOperations": "None", "comprehensiveIncomeNetOfTax": "None", "ebit": "899506000", "ebitda": "1065335000", "netIncome": "433707000"}, {"fiscalDateEnding": "2012-09-30", "reportedCurrency": "USD", "grossProfit": "2513244000", "totalRevenue": "79489596000", "costOfRevenue": "76976352000", "costofGoodsAndServicesSold": "76976352000", "operatingIncome": "1283749000", "sellingGeneralAndAdministrative": "44621000", "researchAndDevelopment": "None", "operatingExpenses": "1229495000", "investmentIncomeNet": "None", "netInterestIncome": "None", "interestIncome": "None", "interestExpense": "97225000", "nonInterestIncome": "None", "otherNonOperatingIncome": "None", "depreciation": "None", "depreciationAndAmortization": "141991000", "incomeBeforeTax": "1163131000", "incomeTaxExpense": "454945000", "interestAndDebtExpense": "None", "netIncomeFromContinuingOperations": "None", "comprehensiveIncomeNetOfTax": "None", "ebit": "1260356000", "ebitda": "1402347000", "netIncome": "718986000"}, {"fiscalDateEnding": "2011-09-30", "reportedCurrency": "USD", "grossProfit": "2428687000", "totalRevenue": "80217558000", "costOfRevenue": "77788871000", "costofGoodsAndServicesSold": "77788871000", "operatingIncome": "1230718000", "sellingGeneralAndAdministrative": "41057000", "researchAndDevelopment": "None", "operatingExpenses": "1197969000", "investmentIncomeNet": "None", "netInterestIncome": "None", "interestIncome": "None", "interestExpense": "78902000", "nonInterestIncome": "None", "otherNonOperatingIncome": "None", "depreciation": "None", "depreciationAndAmortization": "121233000", "incomeBeforeTax": "1130641000", "incomeTaxExpense": "424017000", "interestAndDebtExpense": "None", "netIncomeFromContinuingOperations": "None", "comprehensiveIncomeNetOfTax": "None", "ebit": "1209543000", "ebitda": "1330776000", "netIncome": "706624000"}, {"fiscalDateEnding": "2010-09-30", "reportedCurrency": "USD", "grossProfit": "2249481000", "totalRevenue": "77953979000", "costOfRevenue": "75704498000", "costofGoodsAndServicesSold": "75704498000", "operatingIncome": "1088353000", "sellingGeneralAndAdministrative": "20830000", "researchAndDevelopment": "None", "operatingExpenses": "1161128000", "investmentIncomeNet": "None", "netInterestIncome": "None", "interestIncome": "None", "interestExpense": "74805000", "nonInterestIncome": "None", "otherNonOperatingIncome": "None", "depreciation": "None", "depreciationAndAmortization": "99210000", "incomeBeforeTax": "1027769000", "incomeTaxExpense": "391021000", "interestAndDebtExpense": "None", "netIncomeFromContinuingOperations": "None", "comprehensiveIncomeNetOfTax": "None", "ebit": "1102574000", "ebitda": "1201784000", "netIncome": "636748000"}, {"fiscalDateEnding": "2009-09-30", "reportedCurrency": "USD", "grossProfit": "2019367000", "totalRevenue": "71759990000", "costOfRevenue": "69740623000", "costofGoodsAndServicesSold": "69740623000", "operatingIncome": "899127000", "sellingGeneralAndAdministrative": "6461000", "researchAndDevelopment": "None", "operatingExpenses": "1120240000", "investmentIncomeNet": "None", "netInterestIncome": "None", "interestIncome": "None", "interestExpense": "63502000", "nonInterestIncome": "None", "otherNonOperatingIncome": "None", "depreciation": "None", "depreciationAndAmortization": "90032000", "incomeBeforeTax": "824074000", "incomeTaxExpense": "312222000", "interestAndDebtExpense": "None", "netIncomeFromContinuingOperations": "None", "comprehensiveIncomeNetOfTax": "None", "ebit": "887576000", "ebitda": "977608000", "netIncome": "503397000"}, {"fiscalDateEnding": "2008-09-30", "reportedCurrency": "USD", "grossProfit": "1948221000", "totalRevenue": "70189733000", "costOfRevenue": "68241512000", "costofGoodsAndServicesSold": "68241512000", "operatingIncome": "823538000", "sellingGeneralAndAdministrative": "5472000", "researchAndDevelopment": "None", "operatingExpenses": "1124683000", "investmentIncomeNet": "None", "netInterestIncome": "None", "interestIncome": "None", "interestExpense": "75099000", "nonInterestIncome": "None", "otherNonOperatingIncome": "None", "depreciation": "None", "depreciationAndAmortization": "92366000", "incomeBeforeTax": "761338000", "incomeTaxExpense": "292274000", "interestAndDebtExpense": "None", "netIncomeFromContinuingOperations": "None", "comprehensiveIncomeNetOfTax": "None", "ebit": "836437000", "ebitda": "928803000", "netIncome": "250559000"}, {"fiscalDateEnding": "2007-09-30", "reportedCurrency": "USD", "grossProfit": "2199717000", "totalRevenue": "66074312000", "costOfRevenue": "63874595000", "costofGoodsAndServicesSold": "63874595000", "operatingIncome": "786614000", "sellingGeneralAndAdministrative": "1413103000", "researchAndDevelopment": "None", "operatingExpenses": "1413103000", "investmentIncomeNet": "None", "netInterestIncome": "None", "interestIncome": "None", "interestExpense": "75706000", "nonInterestIncome": "None", "otherNonOperatingIncome": "None", "depreciation": "None", "depreciationAndAmortization": "99676000", "incomeBeforeTax": "785050000", "incomeTaxExpense": "291282000", "interestAndDebtExpense": "None", "netIncomeFromContinuingOperations": "None", "comprehensiveIncomeNetOfTax": "None", "ebit": "860756000", "ebitda": "960432000", "netIncome": "469167000"}, {"fiscalDateEnding": "2006-09-30", "reportedCurrency": "USD", "grossProfit": "2104905999", "totalRevenue": "61203145000", "costOfRevenue": "59098239000", "costofGoodsAndServicesSold": "59098239000", "operatingIncome": "727929000", "sellingGeneralAndAdministrative": "1397100000", "researchAndDevelopment": "None", "operatingExpenses": "1376977000", "investmentIncomeNet": "None", "netInterestIncome": "None", "interestIncome": "None", "interestExpense": "12464000", "nonInterestIncome": "None", "otherNonOperatingIncome": "None", "depreciation": "None", "depreciationAndAmortization": "93047000", "incomeBeforeTax": "740629000", "incomeTaxExpense": "272617000", "interestAndDebtExpense": "None", "netIncomeFromContinuingOperations": "None", "comprehensiveIncomeNetOfTax": "None", "ebit": "753093000", "ebitda": "846140000", "netIncome": "467714000"}], "quarterlyReports": [{"fiscalDateEnding": "2025-12-31", "reportedCurrency": "USD", "grossProfit": "2811670000", "totalRevenue": "85932016000", "costOfRevenue": "83120346000", "costofGoodsAndServicesSold": "83120346000", "operatingIncome": "1016381000", "sellingGeneralAndAdministrative": "1795289000", "researchAndDevelopment": "None", "operatingExpenses": "1795289000", "investmentIncomeNet": "None", "netInterestIncome": "-72409000", "interestIncome": "20954000", "interestExpense": "93363000", "nonInterestIncome": "None", "otherNonOperatingIncome": "None", "depreciation": "None", "depreciationAndAmortization": "260401000", "incomeBeforeTax": "708640000", "incomeTaxExpense": "142514000", "interestAndDebtExpense": "None", "netIncomeFromContinuingOperations": "566126000", "comprehensiveIncomeNetOfTax": "None", "ebit": "781049000", "ebitda": "1041450000", "netIncome": "559647000"}, {"fiscalDateEnding": "2025-09-30", "reportedCurrency": "USD", "grossProfit": "2603465000", "totalRevenue": "83728554000", "costOfRevenue": "81125089000", "costofGoodsAndServicesSold": "81125089000", "operatingIncome": "854599000", "sellingGeneralAndAdministrative": "1748866000", "researchAndDevelopment": "None", "operatingExpenses": "1748866000", "investmentIncomeNet": "None", "netInterestIncome": "-77833000", "interestIncome": "31525000", "interestExpense": "109358000", "nonInterestIncome": "None", "otherNonOperatingIncome": "None", "depreciation": "None", "depreciationAndAmortization": "261012000", "incomeBeforeTax": "-187044000", "incomeTaxExpense": "146027000", "interestAndDebtExpense": "None", "netIncomeFromContinuingOperations": "-333071000", "comprehensiveIncomeNetOfTax": "None", "ebit": "-77686000", "ebitda": "183326000", "netIncome": "-339704000"}, {"fiscalDateEnding": "2025-06-30", "reportedCurrency": "USD", "grossProfit": "2658401000", "totalRevenue": "80663532000", "costOfRevenue": "78005131000", "costofGoodsAndServicesSold": "78005131000", "operatingIncome": "985520000", "sellingGeneralAndAdministrative": "1672881000", "researchAndDevelopment": "None", "operatingExpenses": "1672881000", "investmentIncomeNet": "None", "netInterestIncome": "-81794000", "interestIncome": "35102000", "interestExpense": "116896000", "nonInterestIncome": "None", "otherNonOperatingIncome": "None", "depreciation": "None", "depreciationAndAmortization": "256223000", "incomeBeforeTax": "896277000", "incomeTaxExpense": "206528000", "interestAndDebtExpense": "None", "netIncomeFromContinuingOperations": "689749000", "comprehensiveIncomeNetOfTax": "None", "ebit": "1013173000", "ebitda": "1269396000", "netIncome": "687402000"}, {"fiscalDateEnding": "2025-03-31", "reportedCurrency": "USD", "grossProfit": "2615824000", "totalRevenue": "75453673000", "costOfRevenue": "72837849000", "costofGoodsAndServicesSold": "72837849000", "operatingIncome": "1015784000", "sellingGeneralAndAdministrative": "1600040000", "researchAndDevelopment": "None", "operatingExpenses": "1600040000", "investmentIncomeNet": "None", "netInterestIncome": "-103988000", "interestIncome": "28330000", "interestExpense": "132318000", "nonInterestIncome": "None", "otherNonOperatingIncome": "None", "depreciation": "None", "depreciationAndAmortization": "261600000", "incomeBeforeTax": "928656000", "incomeTaxExpense": "211239000", "interestAndDebtExpense": "None", "netIncomeFromContinuingOperations": "717417000", "comprehensiveIncomeNetOfTax": "None", "ebit": "1060974000", "ebitda": "1322574000", "netIncome": "717871000"}, {"fiscalDateEnding": "2024-12-31", "reportedCurrency": "USD", "grossProfit": "2263830999", "totalRevenue": "81487060000", "costOfRevenue": "79223229000", "costofGoodsAndServicesSold": "79223229000", "operatingIncome": "791776000", "sellingGeneralAndAdministrative": "1472055000", "researchAndDevelopment": "None", "operatingExpenses": "1472055000", "investmentIncomeNet": "None", "netInterestIncome": "-27933000", "interestIncome": "33248000", "interestExpense": "61181000", "nonInterestIncome": "None", "otherNonOperatingIncome": "None", "depreciation": "None", "depreciationAndAmortization": "279409000", "incomeBeforeTax": "620447000", "incomeTaxExpense": "126728000", "interestAndDebtExpense": "None", "netIncomeFromContinuingOperations": "493719000", "comprehensiveIncomeNetOfTax": "None", "ebit": "681628000", "ebitda": "961037000", "netIncome": "488600000"}, {"fiscalDateEnding": "2024-09-30", "reportedCurrency": "USD", "grossProfit": "2163208000", "totalRevenue": "79050106000", "costOfRevenue": "76886898000", "costofGoodsAndServicesSold": "76886898000", "operatingIncome": "672865000", "sellingGeneralAndAdministrative": "1490343000", "researchAndDevelopment": "None", "operatingExpenses": "1490343000", "investmentIncomeNet": "None", "netInterestIncome": "-20969000", "interestIncome": "33351000", "interestExpense": "54320000", "nonInterestIncome": "None", "otherNonOperatingIncome": "None", "depreciation": "None", "depreciationAndAmortization": "278137000", "incomeBeforeTax": "125177000", "incomeTaxExpense": "117711000", "interestAndDebtExpense": "None", "netIncomeFromContinuingOperations": "7466000", "comprehensiveIncomeNetOfTax": "None", "ebit": "179496999", "ebitda": "457633999", "netIncome": "3382000"}, {"fiscalDateEnding": "2024-06-30", "reportedCurrency": "USD", "grossProfit": "2086577000", "totalRevenue": "74241353000", "costOfRevenue": "72154776000", "costofGoodsAndServicesSold": "72154776000", "operatingIncome": "703371000", "sellingGeneralAndAdministrative": "1383206000", "researchAndDevelopment": "None", "operatingExpenses": "1383206000", "investmentIncomeNet": "None", "netInterestIncome": "-31328000", "interestIncome": "27608000", "interestExpense": "58936000", "nonInterestIncome": "None", "otherNonOperatingIncome": "None", "depreciation": "None", "depreciationAndAmortization": "278932000", "incomeBeforeTax": "628334000", "incomeTaxExpense": "140740000", "interestAndDebtExpense": "None", "netIncomeFromContinuingOperations": "487594000", "comprehensiveIncomeNetOfTax": "None", "ebit": "687270000", "ebitda": "966202000", "netIncome": "483463000"}, {"fiscalDateEnding": "2024-03-31", "reportedCurrency": "USD", "grossProfit": "2257577000", "totalRevenue": "68414307000", "costOfRevenue": "66156729999", "costofGoodsAndServicesSold": "66156729999", "operatingIncome": "868767000", "sellingGeneralAndAdministrative": "1388810000", "researchAndDevelopment": "None", "operatingExpenses": "1388810000", "investmentIncomeNet": "None", "netInterestIncome": "-64130000", "interestIncome": "12680000", "interestExpense": "76810000", "nonInterestIncome": "None", "otherNonOperatingIncome": "None", "depreciation": "None", "depreciationAndAmortization": "278071000", "incomeBeforeTax": "467066000", "incomeTaxExpense": "45861000", "interestAndDebtExpense": "None", "netIncomeFromContinuingOperations": "421205000", "comprehensiveIncomeNetOfTax": "None", "ebit": "543876000", "ebitda": "821947000", "netIncome": "420775000"}, {"fiscalDateEnding": "2023-12-31", "reportedCurrency": "USD", "grossProfit": "2149961000", "totalRevenue": "72252833000", "costOfRevenue": "70102872000", "costofGoodsAndServicesSold": "70102872000", "operatingIncome": "751214000", "sellingGeneralAndAdministrative": "1398747000", "researchAndDevelopment": "None", "operatingExpenses": "1398747000", "investmentIncomeNet": "None", "netInterestIncome": "-40564000", "interestIncome": "18052000", "interestExpense": "58616000", "nonInterestIncome": "None", "otherNonOperatingIncome": "None", "depreciation": "None", "depreciationAndAmortization": "276534000", "incomeBeforeTax": "783398000", "incomeTaxExpense": "180390000", "interestAndDebtExpense": "None", "netIncomeFromContinuingOperations": "603008000", "comprehensiveIncomeNetOfTax": "None", "ebit": "842014000", "ebitda": "1118548000", "netIncome": "601500000"}, {"fiscalDateEnding": "2023-09-30", "reportedCurrency": "USD", "grossProfit": "1906644000", "totalRevenue": "68922331000", "costOfRevenue": "67015687000", "costofGoodsAndServicesSold": "67015687000", "operatingIncome": "512816000", "sellingGeneralAndAdministrative": "1393828000", "researchAndDevelopment": "None", "operatingExpenses": "1393828000", "investmentIncomeNet": "None", "netInterestIncome": "-60942000", "interestIncome": "60942000", "interestExpense": "74106000", "nonInterestIncome": "None", "otherNonOperatingIncome": "None", "depreciation": "None", "depreciationAndAmortization": "276226000", "incomeBeforeTax": "446423000", "incomeTaxExpense": "97443000", "interestAndDebtExpense": "None", "netIncomeFromContinuingOperations": "348980000", "comprehensiveIncomeNetOfTax": "None", "ebit": "520529000", "ebitda": "796755000", "netIncome": "350565000"}, {"fiscalDateEnding": "2023-06-30", "reportedCurrency": "USD", "grossProfit": "1871763000", "totalRevenue": "66947043000", "costOfRevenue": "65075280000", "costofGoodsAndServicesSold": "65075280000", "operatingIncome": "567622000", "sellingGeneralAndAdministrative": "1304141000", "researchAndDevelopment": "None", "operatingExpenses": "1304141000", "investmentIncomeNet": "None", "netInterestIncome": "-57864000", "interestIncome": "10602000", "interestExpense": "68466000", "nonInterestIncome": "None", "otherNonOperatingIncome": "None", "depreciation": "None", "depreciationAndAmortization": "275439000", "incomeBeforeTax": "608828000", "incomeTaxExpense": "129615000", "interestAndDebtExpense": "None", "netIncomeFromContinuingOperations": "479213000", "comprehensiveIncomeNetOfTax": "None", "ebit": "677294000", "ebitda": "952733000", "netIncome": "479581000"}, {"fiscalDateEnding": "2023-03-31", "reportedCurrency": "USD", "grossProfit": "2053976000", "totalRevenue": "63457205000", "costOfRevenue": "61403229000", "costofGoodsAndServicesSold": "61403229000", "operatingIncome": "732889000", "sellingGeneralAndAdministrative": "1321087000", "researchAndDevelopment": "None", "operatingExpenses": "1321087000", "investmentIncomeNet": "None", "netInterestIncome": "-64109000", "interestIncome": "8163000", "interestExpense": "72272000", "nonInterestIncome": "None", "otherNonOperatingIncome": "None", "depreciation": "None", "depreciationAndAmortization": "242127000", "incomeBeforeTax": "512130000", "incomeTaxExpense": "83917000", "interestAndDebtExpense": "None", "netIncomeFromContinuingOperations": "428213000", "comprehensiveIncomeNetOfTax": "None", "ebit": "584402000", "ebitda": "826529000", "netIncome": "435402000"}, {"fiscalDateEnding": "2022-12-31", "reportedCurrency": "USD", "grossProfit": "1924114000", "totalRevenue": "62846832000", "costOfRevenue": "60922718000", "costofGoodsAndServicesSold": "60922718000", "operatingIncome": "633186000", "sellingGeneralAndAdministrative": "1290928000", "researchAndDevelopment": "None", "operatingExpenses": "1290928000", "investmentIncomeNet": "None", "netInterestIncome": "-46016000", "interestIncome": "14790000", "interestExpense": "60806000", "nonInterestIncome": "None", "otherNonOperatingIncome": "None", "depreciation": "None", "depreciationAndAmortization": "172730000", "incomeBeforeTax": "593455000", "incomeTaxExpense": "117285000", "interestAndDebtExpense": "None", "netIncomeFromContinuingOperations": "476170000", "comprehensiveIncomeNetOfTax": "None", "ebit": "654261000", "ebitda": "826991000", "netIncome": "479745000"}, {"fiscalDateEnding": "2022-09-30", "reportedCurrency": "USD", "grossProfit": "1814997000", "totalRevenue": "61174149000", "costOfRevenue": "59359152000", "costofGoodsAndServicesSold": "59359152000", "operatingIncome": "551535000", "sellingGeneralAndAdministrative": "1263462000", "researchAndDevelopment": "None", "operatingExpenses": "1263462000", "investmentIncomeNet": "None", "netInterestIncome": "-51523000", "interestIncome": "10798000", "interestExpense": "62321000", "nonInterestIncome": "None", "otherNonOperatingIncome": "None", "depreciation": "None", "depreciationAndAmortization": "170562000", "incomeBeforeTax": "382340000", "incomeTaxExpense": "83664000", "interestAndDebtExpense": "None", "netIncomeFromContinuingOperations": "298676000", "comprehensiveIncomeNetOfTax": "None", "ebit": "444661000", "ebitda": "615223000", "netIncome": "294737000"}, {"fiscalDateEnding": "2022-06-30", "reportedCurrency": "USD", "grossProfit": "1843255000", "totalRevenue": "60064601000", "costOfRevenue": "58221346000", "costofGoodsAndServicesSold": "58221346000", "operatingIncome": "631103000", "sellingGeneralAndAdministrative": "1212152000", "researchAndDevelopment": "None", "operatingExpenses": "1212152000", "investmentIncomeNet": "None", "netInterestIncome": "-52862000", "interestIncome": "4795000", "interestExpense": "57657000", "nonInterestIncome": "None", "otherNonOperatingIncome": "None", "depreciation": "None", "depreciationAndAmortization": "172843000", "incomeBeforeTax": "476323000", "incomeTaxExpense": "113120000", "interestAndDebtExpense": "None", "netIncomeFromContinuingOperations": "363203000", "comprehensiveIncomeNetOfTax": "None", "ebit": "533980000", "ebitda": "706823000", "netIncome": "406964000"}, {"fiscalDateEnding": "2022-03-31", "reportedCurrency": "USD", "grossProfit": "2059790000", "totalRevenue": "57719446000", "costOfRevenue": "55659656000", "costofGoodsAndServicesSold": "55659656000", "operatingIncome": "856552000", "sellingGeneralAndAdministrative": "None", "researchAndDevelopment": "None", "operatingExpenses": "1203238000", "investmentIncomeNet": "None", "netInterestIncome": "None", "interestIncome": "None", "interestExpense": "55372000", "nonInterestIncome": "None", "otherNonOperatingIncome": "None", "depreciation": "None", "depreciationAndAmortization": "176701000", "incomeBeforeTax": "728189000", "incomeTaxExpense": "172944000", "interestAndDebtExpense": "None", "netIncomeFromContinuingOperations": "None", "comprehensiveIncomeNetOfTax": "None", "ebit": "783561000", "ebitda": "960262000", "netIncome": "548014000"}, {"fiscalDateEnding": "2021-12-31", "reportedCurrency": "USD", "grossProfit": "1884430000", "totalRevenue": "59628810000", "costOfRevenue": "57744380000", "costofGoodsAndServicesSold": "57744380000", "operatingIncome": "714320000", "sellingGeneralAndAdministrative": "None", "researchAndDevelopment": "None", "operatingExpenses": "1170110000", "investmentIncomeNet": "None", "netInterestIncome": "None", "interestIncome": "None", "interestExpense": "56632000", "nonInterestIncome": "None", "otherNonOperatingIncome": "None", "depreciation": "None", "depreciationAndAmortization": "177270000", "incomeBeforeTax": "596205000", "incomeTaxExpense": "146789000", "interestAndDebtExpense": "None", "netIncomeFromContinuingOperations": "None", "comprehensiveIncomeNetOfTax": "None", "ebit": "652837000", "ebitda": "830107000", "netIncome": "449105000"}, {"fiscalDateEnding": "2021-09-30", "reportedCurrency": "USD", "grossProfit": "1870296000", "totalRevenue": "58912421000", "costOfRevenue": "57042125000", "costofGoodsAndServicesSold": "57042125000", "operatingIncome": "654608000", "sellingGeneralAndAdministrative": "735068000", "researchAndDevelopment": "None", "operatingExpenses": "1215688000", "investmentIncomeNet": "None", "netInterestIncome": "None", "interestIncome": "None", "interestExpense": "59771000", "nonInterestIncome": "None", "otherNonOperatingIncome": "None", "depreciation": "None", "depreciationAndAmortization": "177721000", "incomeBeforeTax": "553936000", "incomeTaxExpense": "117488000", "interestAndDebtExpense": "None", "netIncomeFromContinuingOperations": "None", "comprehensiveIncomeNetOfTax": "None", "ebit": "613707000", "ebitda": "791428000", "netIncome": "437698000"}, {"fiscalDateEnding": "2021-06-30", "reportedCurrency": "USD", "grossProfit": "1908505000", "totalRevenue": "53405695000", "costOfRevenue": "51497190000", "costofGoodsAndServicesSold": "51497190000", "operatingIncome": "995091000", "sellingGeneralAndAdministrative": "20620000", "researchAndDevelopment": "None", "operatingExpenses": "913414000", "investmentIncomeNet": "None", "netInterestIncome": "None", "interestIncome": "None", "interestExpense": "53011000", "nonInterestIncome": "None", "otherNonOperatingIncome": "None", "depreciation": "None", "depreciationAndAmortization": "127953000", "incomeBeforeTax": "573530000", "incomeTaxExpense": "278082000", "interestAndDebtExpense": "None", "netIncomeFromContinuingOperations": "None", "comprehensiveIncomeNetOfTax": "None", "ebit": "626541000", "ebitda": "754494000", "netIncome": "292122000"}, {"fiscalDateEnding": "2021-03-31", "reportedCurrency": "USD", "grossProfit": "1432584000", "totalRevenue": "49154171000", "costOfRevenue": "47721587000", "costofGoodsAndServicesSold": "47721587000", "operatingIncome": "702503000", "sellingGeneralAndAdministrative": "20738000", "researchAndDevelopment": "None", "operatingExpenses": "730081000", "investmentIncomeNet": "None", "netInterestIncome": "None", "interestIncome": "None", "interestExpense": "35184000", "nonInterestIncome": "None", "otherNonOperatingIncome": "None", "depreciation": "None", "depreciationAndAmortization": "103066000", "incomeBeforeTax": "566511000", "incomeTaxExpense": "132506000", "interestAndDebtExpense": "None", "netIncomeFromContinuingOperations": "None", "comprehensiveIncomeNetOfTax": "None", "ebit": "601695000", "ebitda": "704761000", "netIncome": "435267000"}, {"fiscalDateEnding": "2020-12-31", "reportedCurrency": "USD", "grossProfit": "1352677000", "totalRevenue": "52516556000", "costOfRevenue": "51163879000", "costofGoodsAndServicesSold": "51163879000", "operatingIncome": "617609000", "sellingGeneralAndAdministrative": "20489000", "researchAndDevelopment": "None", "operatingExpenses": "735068000", "investmentIncomeNet": "None", "netInterestIncome": "None", "interestIncome": "None", "interestExpense": "34578000", "nonInterestIncome": "None", "otherNonOperatingIncome": "None", "depreciation": "None", "depreciationAndAmortization": "102751000", "incomeBeforeTax": "527881999", "incomeTaxExpense": "149175000", "interestAndDebtExpense": "None", "netIncomeFromContinuingOperations": "None", "comprehensiveIncomeNetOfTax": "None", "ebit": "562460000", "ebitda": "665211000", "netIncome": "374845000"}, {"fiscalDateEnding": "2020-09-30", "reportedCurrency": "USD", "grossProfit": "1248934000", "totalRevenue": "49244768000", "costOfRevenue": "47995834000", "costofGoodsAndServicesSold": "47995834000", "operatingIncome": "527967999", "sellingGeneralAndAdministrative": "666885000", "researchAndDevelopment": "None", "operatingExpenses": "720966000", "investmentIncomeNet": "None", "netInterestIncome": "None", "interestIncome": "None", "interestExpense": "35761000", "nonInterestIncome": "None", "otherNonOperatingIncome": "None", "depreciation": "None", "depreciationAndAmortization": "101333000", "incomeBeforeTax": "-6143457000", "incomeTaxExpense": "-1298952000", "interestAndDebtExpense": "None", "netIncomeFromContinuingOperations": "None", "comprehensiveIncomeNetOfTax": "None", "ebit": "-6107695999", "ebitda": "-6006362999", "netIncome": "-4846072000"}, {"fiscalDateEnding": "2020-06-30", "reportedCurrency": "USD", "grossProfit": "1130301000", "totalRevenue": "45366777000", "costOfRevenue": "44236476000", "costofGoodsAndServicesSold": "44236476000", "operatingIncome": "463416000", "sellingGeneralAndAdministrative": "20598000", "researchAndDevelopment": "None", "operatingExpenses": "666885000", "investmentIncomeNet": "None", "netInterestIncome": "None", "interestIncome": "None", "interestExpense": "39177000", "nonInterestIncome": "None", "otherNonOperatingIncome": "None", "depreciation": "None", "depreciationAndAmortization": "97412000", "incomeBeforeTax": "343835000", "incomeTaxExpense": "56567000", "interestAndDebtExpense": "None", "netIncomeFromContinuingOperations": "None", "comprehensiveIncomeNetOfTax": "None", "ebit": "383012000", "ebitda": "480424000", "netIncome": "289439000"}, {"fiscalDateEnding": "2020-03-31", "reportedCurrency": "USD", "grossProfit": "1294212000", "totalRevenue": "47417639000", "costOfRevenue": "46123427000", "costofGoodsAndServicesSold": "46123427000", "operatingIncome": "600799000", "sellingGeneralAndAdministrative": "19666000", "researchAndDevelopment": "None", "operatingExpenses": "693413000", "investmentIncomeNet": "None", "netInterestIncome": "None", "interestIncome": "None", "interestExpense": "41982000", "nonInterestIncome": "None", "otherNonOperatingIncome": "None", "depreciation": "None", "depreciationAndAmortization": "95757000", "incomeBeforeTax": "276203000", "incomeTaxExpense": "-694908000", "interestAndDebtExpense": "None", "netIncomeFromContinuingOperations": "None", "comprehensiveIncomeNetOfTax": "None", "ebit": "318185000", "ebitda": "413942000", "netIncome": "960277000"}, {"fiscalDateEnding": "2019-12-31", "reportedCurrency": "USD", "grossProfit": "1118199000", "totalRevenue": "47864742000", "costOfRevenue": "46746543000", "costofGoodsAndServicesSold": "46746543000", "operatingIncome": "432246000", "sellingGeneralAndAdministrative": "19513000", "researchAndDevelopment": "None", "operatingExpenses": "685953000", "investmentIncomeNet": "None", "netInterestIncome": "None", "interestIncome": "None", "interestExpense": "41602000", "nonInterestIncome": "None", "otherNonOperatingIncome": "None", "depreciation": "None", "depreciationAndAmortization": "107117000", "incomeBeforeTax": "229588000", "incomeTaxExpense": "43020000", "interestAndDebtExpense": "None", "netIncomeFromContinuingOperations": "None", "comprehensiveIncomeNetOfTax": "None", "ebit": "271190000", "ebitda": "378307000", "netIncome": "187640000"}, {"fiscalDateEnding": "2019-09-30", "reportedCurrency": "USD", "grossProfit": "1073092000", "totalRevenue": "45637802000", "costOfRevenue": "44564710000", "costofGoodsAndServicesSold": "44564710000", "operatingIncome": "351148000", "sellingGeneralAndAdministrative": "19002000", "researchAndDevelopment": "None", "operatingExpenses": "721944000", "investmentIncomeNet": "None", "netInterestIncome": "None", "interestIncome": "None", "interestExpense": "47646000", "nonInterestIncome": "None", "otherNonOperatingIncome": "None", "depreciation": "None", "depreciationAndAmortization": "110689000", "incomeBeforeTax": "144651000", "incomeTaxExpense": "12344000", "interestAndDebtExpense": "None", "netIncomeFromContinuingOperations": "None", "comprehensiveIncomeNetOfTax": "None", "ebit": "192297000", "ebitda": "302986000", "netIncome": "132619000"}, {"fiscalDateEnding": "2019-06-30", "reportedCurrency": "USD", "grossProfit": "1120143000", "totalRevenue": "45239265000", "costOfRevenue": "44119122000", "costofGoodsAndServicesSold": "44119122000", "operatingIncome": "463200000", "sellingGeneralAndAdministrative": "20015000", "researchAndDevelopment": "None", "operatingExpenses": "656943000", "investmentIncomeNet": "None", "netInterestIncome": "None", "interestIncome": "None", "interestExpense": "48710000", "nonInterestIncome": "None", "otherNonOperatingIncome": "None", "depreciation": "None", "depreciationAndAmortization": "110381000", "incomeBeforeTax": "371115000", "incomeTaxExpense": "69113000", "interestAndDebtExpense": "None", "netIncomeFromContinuingOperations": "None", "comprehensiveIncomeNetOfTax": "None", "ebit": "419825000", "ebitda": "530206000", "netIncome": "301959000"}, {"fiscalDateEnding": "2019-03-31", "reportedCurrency": "USD", "grossProfit": "1248990000", "totalRevenue": "43319602000", "costOfRevenue": "42070612000", "costofGoodsAndServicesSold": "42070612000", "operatingIncome": "620954000", "sellingGeneralAndAdministrative": "17858000", "researchAndDevelopment": "None", "operatingExpenses": "628036000", "investmentIncomeNet": "None", "netInterestIncome": "None", "interestIncome": "None", "interestExpense": "49882000", "nonInterestIncome": "None", "otherNonOperatingIncome": "None", "depreciation": "None", "depreciationAndAmortization": "134340000", "incomeBeforeTax": "18784000", "incomeTaxExpense": "-9289000", "interestAndDebtExpense": "None", "netIncomeFromContinuingOperations": "None", "comprehensiveIncomeNetOfTax": "None", "ebit": "68666000", "ebitda": "203006000", "netIncome": "27135000"}, {"fiscalDateEnding": "2018-12-31", "reportedCurrency": "USD", "grossProfit": "1087780000", "totalRevenue": "45392452000", "costOfRevenue": "44304672000", "costofGoodsAndServicesSold": "44304672000", "operatingIncome": "431195000", "sellingGeneralAndAdministrative": "17954000", "researchAndDevelopment": "None", "operatingExpenses": "656585000", "investmentIncomeNet": "None", "netInterestIncome": "None", "interestIncome": "None", "interestExpense": "49236000", "nonInterestIncome": "None", "otherNonOperatingIncome": "None", "depreciation": "None", "depreciationAndAmortization": "133133999", "incomeBeforeTax": "432556000", "incomeTaxExpense": "40803000", "interestAndDebtExpense": "None", "netIncomeFromContinuingOperations": "None", "comprehensiveIncomeNetOfTax": "None", "ebit": "481792001", "ebitda": "614926000", "netIncome": "393652000"}, {"fiscalDateEnding": "2018-09-30", "reportedCurrency": "USD", "grossProfit": "912082999", "totalRevenue": "43297136000", "costOfRevenue": "42385053000", "costofGoodsAndServicesSold": "42385053000", "operatingIncome": "254278000", "sellingGeneralAndAdministrative": "17403000", "researchAndDevelopment": "None", "operatingExpenses": "657805000", "investmentIncomeNet": "None", "netInterestIncome": "None", "interestIncome": "None", "interestExpense": "49428000", "nonInterestIncome": "None", "otherNonOperatingIncome": "None", "depreciation": "None", "depreciationAndAmortization": "131633999", "incomeBeforeTax": "111870000", "incomeTaxExpense": "-82134000", "interestAndDebtExpense": "None", "netIncomeFromContinuingOperations": "None", "comprehensiveIncomeNetOfTax": "None", "ebit": "161298001", "ebitda": "292932000", "netIncome": "233288000"}, {"fiscalDateEnding": "2018-06-30", "reportedCurrency": "USD", "grossProfit": "1055695999", "totalRevenue": "43142309000", "costOfRevenue": "42086613000", "costofGoodsAndServicesSold": "42086613000", "operatingIncome": "429148000", "sellingGeneralAndAdministrative": "16844000", "researchAndDevelopment": "None", "operatingExpenses": "626548000", "investmentIncomeNet": "None", "netInterestIncome": "None", "interestIncome": "None", "interestExpense": "52845000", "nonInterestIncome": "None", "otherNonOperatingIncome": "None", "depreciation": "None", "depreciationAndAmortization": "138919000", "incomeBeforeTax": "345202000", "incomeTaxExpense": "67327000", "interestAndDebtExpense": "None", "netIncomeFromContinuingOperations": "None", "comprehensiveIncomeNetOfTax": "None", "ebit": "398047000", "ebitda": "536966000", "netIncome": "275809000"}, {"fiscalDateEnding": "2018-03-31", "reportedCurrency": "USD", "grossProfit": "1135957000", "totalRevenue": "41033858000", "costOfRevenue": "39897901000", "costofGoodsAndServicesSold": "39897901000", "operatingIncome": "518530999", "sellingGeneralAndAdministrative": "15585000", "researchAndDevelopment": "None", "operatingExpenses": "617426000", "investmentIncomeNet": "None", "netInterestIncome": "None", "interestIncome": "None", "interestExpense": "49984000", "nonInterestIncome": "None", "otherNonOperatingIncome": "None", "depreciation": "None", "depreciationAndAmortization": "119388000", "incomeBeforeTax": "361332000", "incomeTaxExpense": "79172000", "interestAndDebtExpense": "None", "netIncomeFromContinuingOperations": "None", "comprehensiveIncomeNetOfTax": "None", "ebit": "411315999", "ebitda": "530703999", "netIncome": "287455000"}, {"fiscalDateEnding": "2017-12-31", "reportedCurrency": "USD", "grossProfit": "1007516000", "totalRevenue": "40466332000", "costOfRevenue": "39458816000", "costofGoodsAndServicesSold": "39458816000", "operatingIncome": "448994000", "sellingGeneralAndAdministrative": "16312000", "researchAndDevelopment": "None", "operatingExpenses": "558522000", "investmentIncomeNet": "None", "netInterestIncome": "None", "interestIncome": "None", "interestExpense": "37383000", "nonInterestIncome": "None", "otherNonOperatingIncome": "None", "depreciation": "None", "depreciationAndAmortization": "109705000", "incomeBeforeTax": "359019000", "incomeTaxExpense": "-502834000", "interestAndDebtExpense": "None", "netIncomeFromContinuingOperations": "None", "comprehensiveIncomeNetOfTax": "None", "ebit": "396402000", "ebitda": "506107000", "netIncome": "861853000"}, {"fiscalDateEnding": "2017-09-30", "reportedCurrency": "USD", "grossProfit": "1067685000", "totalRevenue": "39120015000", "costOfRevenue": "38052330000", "costofGoodsAndServicesSold": "38052330000", "operatingIncome": "506808000", "sellingGeneralAndAdministrative": "15836000", "researchAndDevelopment": "None", "operatingExpenses": "560877000", "investmentIncomeNet": "None", "netInterestIncome": "None", "interestIncome": "None", "interestExpense": "36153000", "nonInterestIncome": "None", "otherNonOperatingIncome": "None", "depreciation": "None", "depreciationAndAmortization": "109873000", "incomeBeforeTax": "-121541000", "incomeTaxExpense": "173046000", "interestAndDebtExpense": "None", "netIncomeFromContinuingOperations": "None", "comprehensiveIncomeNetOfTax": "None", "ebit": "-85388000", "ebitda": "24485000", "netIncome": "-294587000"}, {"fiscalDateEnding": "2017-06-30", "reportedCurrency": "USD", "grossProfit": "980356000", "totalRevenue": "38707144000", "costOfRevenue": "37726788000", "costofGoodsAndServicesSold": "37726788000", "operatingIncome": "454893000", "sellingGeneralAndAdministrative": "15439000", "researchAndDevelopment": "None", "operatingExpenses": "525462999", "investmentIncomeNet": "None", "netInterestIncome": "None", "interestIncome": "None", "interestExpense": "37017000", "nonInterestIncome": "None", "otherNonOperatingIncome": "None", "depreciation": "None", "depreciationAndAmortization": "99519000", "incomeBeforeTax": "133375000", "incomeTaxExpense": "83023000", "interestAndDebtExpense": "None", "netIncomeFromContinuingOperations": "None", "comprehensiveIncomeNetOfTax": "None", "ebit": "170392000", "ebitda": "269911000", "netIncome": "50352000"}, {"fiscalDateEnding": "2017-03-31", "reportedCurrency": "USD", "grossProfit": "1158758000", "totalRevenue": "37147402000", "costOfRevenue": "35988644000", "costofGoodsAndServicesSold": "35988644000", "operatingIncome": "636915000", "sellingGeneralAndAdministrative": "14086000", "researchAndDevelopment": "None", "operatingExpenses": "521842999", "investmentIncomeNet": "None", "netInterestIncome": "None", "interestIncome": "None", "interestExpense": "37885000", "nonInterestIncome": "None", "otherNonOperatingIncome": "None", "depreciation": "None", "depreciationAndAmortization": "103922000", "incomeBeforeTax": "592915000", "incomeTaxExpense": "181442000", "interestAndDebtExpense": "None", "netIncomeFromContinuingOperations": "None", "comprehensiveIncomeNetOfTax": "None", "ebit": "630800000", "ebitda": "734722000", "netIncome": "411473000"}, {"fiscalDateEnding": "2016-12-31", "reportedCurrency": "USD", "grossProfit": "940200000", "totalRevenue": "38169265000", "costOfRevenue": "37229065000", "costofGoodsAndServicesSold": "37229065000", "operatingIncome": "419653000", "sellingGeneralAndAdministrative": "14312000", "researchAndDevelopment": "None", "operatingExpenses": "520547000", "investmentIncomeNet": "None", "netInterestIncome": "None", "interestIncome": "None", "interestExpense": "37987000", "nonInterestIncome": "None", "otherNonOperatingIncome": "None", "depreciation": "None", "depreciationAndAmortization": "103406000", "incomeBeforeTax": "363138000", "incomeTaxExpense": "115892000", "interestAndDebtExpense": "None", "netIncomeFromContinuingOperations": "None", "comprehensiveIncomeNetOfTax": "None", "ebit": "401125000", "ebitda": "504531000", "netIncome": "247246000"}, {"fiscalDateEnding": "2016-09-30", "reportedCurrency": "USD", "grossProfit": "1029824000", "totalRevenue": "37560603000", "costOfRevenue": "36530779000", "costofGoodsAndServicesSold": "36530779000", "operatingIncome": "499568000", "sellingGeneralAndAdministrative": "15399000", "researchAndDevelopment": "None", "operatingExpenses": "530256000", "investmentIncomeNet": "None", "netInterestIncome": "None", "interestIncome": "None", "interestExpense": "36510000", "nonInterestIncome": "None", "otherNonOperatingIncome": "None", "depreciation": "None", "depreciationAndAmortization": "105702000", "incomeBeforeTax": "191573000", "incomeTaxExpense": "45888000", "interestAndDebtExpense": "None", "netIncomeFromContinuingOperations": "None", "comprehensiveIncomeNetOfTax": "None", "ebit": "228083000", "ebitda": "333785000", "netIncome": "143614000"}, {"fiscalDateEnding": "2016-06-30", "reportedCurrency": "USD", "grossProfit": "1107863000", "totalRevenue": "36881680000", "costOfRevenue": "35773817000", "costofGoodsAndServicesSold": "35773817000", "operatingIncome": "526614000", "sellingGeneralAndAdministrative": "14152000", "researchAndDevelopment": "None", "operatingExpenses": "612719000", "investmentIncomeNet": "None", "netInterestIncome": "None", "interestIncome": "None", "interestExpense": "33640000", "nonInterestIncome": "None", "otherNonOperatingIncome": "None", "depreciation": "None", "depreciationAndAmortization": "99115000", "incomeBeforeTax": "496657000", "incomeTaxExpense": "146854000", "interestAndDebtExpense": "None", "netIncomeFromContinuingOperations": "None", "comprehensiveIncomeNetOfTax": "None", "ebit": "376259000", "ebitda": "475374000", "netIncome": "349803000"}, {"fiscalDateEnding": "2016-03-31", "reportedCurrency": "USD", "grossProfit": "1075331000", "totalRevenue": "35698357000", "costOfRevenue": "34623026000", "costofGoodsAndServicesSold": "34623026000", "operatingIncome": "948712000", "sellingGeneralAndAdministrative": "14137000", "researchAndDevelopment": "None", "operatingExpenses": "614072000", "investmentIncomeNet": "None", "netInterestIncome": "None", "interestIncome": "None", "interestExpense": "33859000", "nonInterestIncome": "None", "otherNonOperatingIncome": "None", "depreciation": "None", "depreciationAndAmortization": "97471000", "incomeBeforeTax": "916355000", "incomeTaxExpense": "312220000", "interestAndDebtExpense": "None", "netIncomeFromContinuingOperations": "None", "comprehensiveIncomeNetOfTax": "None", "ebit": "462761000", "ebitda": "560232000", "netIncome": "604135000"}, {"fiscalDateEnding": "2015-12-31", "reportedCurrency": "USD", "grossProfit": "964877000", "totalRevenue": "36709046000", "costOfRevenue": "35744169000", "costofGoodsAndServicesSold": "35744169000", "operatingIncome": "-178136000", "sellingGeneralAndAdministrative": "15103000", "researchAndDevelopment": "None", "operatingExpenses": "609734000", "investmentIncomeNet": "None", "netInterestIncome": "None", "interestIncome": "None", "interestExpense": "31587000", "nonInterestIncome": "None", "otherNonOperatingIncome": "None", "depreciation": "None", "depreciationAndAmortization": "87469000", "incomeBeforeTax": "-211567000", "incomeTaxExpense": "-540777000", "interestAndDebtExpense": "None", "netIncomeFromContinuingOperations": "None", "comprehensiveIncomeNetOfTax": "None", "ebit": "341098000", "ebitda": "428567000", "netIncome": "330377000"}, {"fiscalDateEnding": "2015-09-30", "reportedCurrency": "USD", "grossProfit": "973574000", "totalRevenue": "35470378000", "costOfRevenue": "34496804000", "costofGoodsAndServicesSold": "34496804000", "operatingIncome": "1427426000", "sellingGeneralAndAdministrative": "14084000", "researchAndDevelopment": "None", "operatingExpenses": "625715000", "investmentIncomeNet": "None", "netInterestIncome": "None", "interestIncome": "None", "interestExpense": "28920000", "nonInterestIncome": "None", "otherNonOperatingIncome": "None", "depreciation": "None", "depreciationAndAmortization": "76741000", "incomeBeforeTax": "470311000", "incomeTaxExpense": "111209000", "interestAndDebtExpense": "None", "netIncomeFromContinuingOperations": "None", "comprehensiveIncomeNetOfTax": "None", "ebit": "352265000", "ebitda": "429006000", "netIncome": "364287000"}, {"fiscalDateEnding": "2015-06-30", "reportedCurrency": "USD", "grossProfit": "891464000", "totalRevenue": "34233556000", "costOfRevenue": "33342092000", "costofGoodsAndServicesSold": "33342092000", "operatingIncome": "332565000", "sellingGeneralAndAdministrative": "12959000", "researchAndDevelopment": "None", "operatingExpenses": "571174000", "investmentIncomeNet": "None", "netInterestIncome": "None", "interestIncome": "None", "interestExpense": "29793000", "nonInterestIncome": "None", "otherNonOperatingIncome": "None", "depreciation": "None", "depreciationAndAmortization": "68430000", "incomeBeforeTax": "304306000", "incomeTaxExpense": "90143000", "interestAndDebtExpense": "None", "netIncomeFromContinuingOperations": "None", "comprehensiveIncomeNetOfTax": "None", "ebit": "276949000", "ebitda": "345379000", "netIncome": "214163000"}, {"fiscalDateEnding": "2015-03-31", "reportedCurrency": "USD", "grossProfit": "911976000", "totalRevenue": "32669267000", "costOfRevenue": "31757291000", "costofGoodsAndServicesSold": "31757291000", "operatingIncome": "-364249000", "sellingGeneralAndAdministrative": "13108000", "researchAndDevelopment": "None", "operatingExpenses": "498648000", "investmentIncomeNet": "None", "netInterestIncome": "None", "interestIncome": "None", "interestExpense": "22946000", "nonInterestIncome": "None", "otherNonOperatingIncome": "None", "depreciation": "None", "depreciationAndAmortization": "55424000", "incomeBeforeTax": "-398600000", "incomeTaxExpense": "114790000", "interestAndDebtExpense": "None", "netIncomeFromContinuingOperations": "None", "comprehensiveIncomeNetOfTax": "None", "ebit": "391774000", "ebitda": "447198000", "netIncome": "-513390000"}, {"fiscalDateEnding": "2014-12-31", "reportedCurrency": "USD", "grossProfit": "752299000", "totalRevenue": "33588602000", "costOfRevenue": "32836303000", "costofGoodsAndServicesSold": "32836303000", "operatingIncome": "-88397000", "sellingGeneralAndAdministrative": "11408000", "researchAndDevelopment": "None", "operatingExpenses": "465788000", "investmentIncomeNet": "None", "netInterestIncome": "None", "interestIncome": "None", "interestExpense": "17342000", "nonInterestIncome": "None", "otherNonOperatingIncome": "None", "depreciation": "None", "depreciationAndAmortization": "50042000", "incomeBeforeTax": "-107053000", "incomeTaxExpense": "92894000", "interestAndDebtExpense": "None", "netIncomeFromContinuingOperations": "None", "comprehensiveIncomeNetOfTax": "None", "ebit": "286508000", "ebitda": "336550000", "netIncome": "-199947000"}, {"fiscalDateEnding": "2014-09-30", "reportedCurrency": "USD", "grossProfit": "872544000", "totalRevenue": "31588708000", "costOfRevenue": "30716164000", "costofGoodsAndServicesSold": "30716164000", "operatingIncome": "613758000", "sellingGeneralAndAdministrative": "12258000", "researchAndDevelopment": "None", "operatingExpenses": "508761000", "investmentIncomeNet": "None", "netInterestIncome": "None", "interestIncome": "None", "interestExpense": "17653000", "nonInterestIncome": "None", "otherNonOperatingIncome": "None", "depreciation": "None", "depreciationAndAmortization": "-141218000", "incomeBeforeTax": "188278000", "incomeTaxExpense": "120476000", "interestAndDebtExpense": "None", "netIncomeFromContinuingOperations": "None", "comprehensiveIncomeNetOfTax": "None", "ebit": "212941000", "ebitda": "71723000", "netIncome": "67802000"}, {"fiscalDateEnding": "2014-06-30", "reportedCurrency": "USD", "grossProfit": "692004000", "totalRevenue": "30348154000", "costOfRevenue": "29656150000", "costofGoodsAndServicesSold": "29656150000", "operatingIncome": "517372000", "sellingGeneralAndAdministrative": "11802000", "researchAndDevelopment": "None", "operatingExpenses": "434945000", "investmentIncomeNet": "None", "netInterestIncome": "None", "interestIncome": "None", "interestExpense": "20903000", "nonInterestIncome": "None", "otherNonOperatingIncome": "None", "depreciation": "None", "depreciationAndAmortization": "47334000", "incomeBeforeTax": "58332000", "incomeTaxExpense": "71112000", "interestAndDebtExpense": "None", "netIncomeFromContinuingOperations": "None", "comprehensiveIncomeNetOfTax": "None", "ebit": "63543000", "ebitda": "110877000", "netIncome": "-12780000"}, {"fiscalDateEnding": "2014-03-31", "reportedCurrency": "USD", "grossProfit": "729593000", "totalRevenue": "28455903000", "costOfRevenue": "27726310000", "costofGoodsAndServicesSold": "27726310000", "operatingIncome": "707623000", "sellingGeneralAndAdministrative": "13693000", "researchAndDevelopment": "None", "operatingExpenses": "420835000", "investmentIncomeNet": "None", "netInterestIncome": "None", "interestIncome": "None", "interestExpense": "19474000", "nonInterestIncome": "None", "otherNonOperatingIncome": "None", "depreciation": "None", "depreciationAndAmortization": "47255000", "incomeBeforeTax": "285437000", "incomeTaxExpense": "105360000", "interestAndDebtExpense": "None", "netIncomeFromContinuingOperations": "None", "comprehensiveIncomeNetOfTax": "None", "ebit": "309780000", "ebitda": "357035000", "netIncome": "180077000"}, {"fiscalDateEnding": "2013-12-31", "reportedCurrency": "USD", "grossProfit": "688225000", "totalRevenue": "29176362000", "costOfRevenue": "28488137000", "costofGoodsAndServicesSold": "28488137000", "operatingIncome": "566111000", "sellingGeneralAndAdministrative": "12120000", "researchAndDevelopment": "None", "operatingExpenses": "408010000", "investmentIncomeNet": "None", "netInterestIncome": "None", "interestIncome": "None", "interestExpense": "18832000", "nonInterestIncome": "None", "otherNonOperatingIncome": "None", "depreciation": "None", "depreciationAndAmortization": "43950000", "incomeBeforeTax": "141381000", "incomeTaxExpense": "92450000", "interestAndDebtExpense": "None", "netIncomeFromContinuingOperations": "None", "comprehensiveIncomeNetOfTax": "None", "ebit": "115666000", "ebitda": "159616000", "netIncome": "41385000"}, {"fiscalDateEnding": "2013-09-30", "reportedCurrency": "USD", "grossProfit": "567552000", "totalRevenue": "24469040000", "costOfRevenue": "23901488000", "costofGoodsAndServicesSold": "23901488000", "operatingIncome": "216993000", "sellingGeneralAndAdministrative": "12127000", "researchAndDevelopment": "None", "operatingExpenses": "400799000", "investmentIncomeNet": "None", "netInterestIncome": "None", "interestIncome": "None", "interestExpense": "18672000", "nonInterestIncome": "None", "otherNonOperatingIncome": "None", "depreciation": "None", "depreciationAndAmortization": "44300000", "incomeBeforeTax": "109079000", "incomeTaxExpense": "46164000", "interestAndDebtExpense": "None", "netIncomeFromContinuingOperations": "None", "comprehensiveIncomeNetOfTax": "None", "ebit": "166156000", "ebitda": "210456000", "netIncome": "51023000"}, {"fiscalDateEnding": "2013-06-30", "reportedCurrency": "USD", "grossProfit": "562450000", "totalRevenue": "21906648000", "costOfRevenue": "21344198000", "costofGoodsAndServicesSold": "21344198000", "operatingIncome": "237449000", "sellingGeneralAndAdministrative": "10933000", "researchAndDevelopment": "None", "operatingExpenses": "331173000", "investmentIncomeNet": "None", "netInterestIncome": "None", "interestIncome": "None", "interestExpense": "18190000", "nonInterestIncome": "None", "otherNonOperatingIncome": "None", "depreciation": "None", "depreciationAndAmortization": "41138000", "incomeBeforeTax": "128285000", "incomeTaxExpense": "-52508000", "interestAndDebtExpense": "None", "netIncomeFromContinuingOperations": "None", "comprehensiveIncomeNetOfTax": "None", "ebit": "93508000", "ebitda": "134646000", "netIncome": "168439000"}, {"fiscalDateEnding": "2013-03-31", "reportedCurrency": "USD", "grossProfit": "716989000", "totalRevenue": "20523668000", "costOfRevenue": "19806679000", "costofGoodsAndServicesSold": "19806679000", "operatingIncome": "452926000", "sellingGeneralAndAdministrative": "11796000", "researchAndDevelopment": "None", "operatingExpenses": "323536000", "investmentIncomeNet": "None", "netInterestIncome": "None", "interestIncome": "None", "interestExpense": "18510000", "nonInterestIncome": "None", "otherNonOperatingIncome": "None", "depreciation": "None", "depreciationAndAmortization": "41672000", "incomeBeforeTax": "343218000", "incomeTaxExpense": "285230000", "interestAndDebtExpense": "None", "netIncomeFromContinuingOperations": "None", "comprehensiveIncomeNetOfTax": "None", "ebit": "351032000", "ebitda": "392704000", "netIncome": "45634000"}, {"fiscalDateEnding": "2012-12-31", "reportedCurrency": "USD", "grossProfit": "671924000", "totalRevenue": "21466314000", "costOfRevenue": "20794390000", "costofGoodsAndServicesSold": "20794390000", "operatingIncome": "390062000", "sellingGeneralAndAdministrative": "11311000", "researchAndDevelopment": "None", "operatingExpenses": "342213000", "investmentIncomeNet": "None", "netInterestIncome": "None", "interestIncome": "None", "interestExpense": "18698000", "nonInterestIncome": "None", "otherNonOperatingIncome": "None", "depreciation": "None", "depreciationAndAmortization": "42327000", "incomeBeforeTax": "280938000", "incomeTaxExpense": "99973000", "interestAndDebtExpense": "None", "netIncomeFromContinuingOperations": "None", "comprehensiveIncomeNetOfTax": "None", "ebit": "287407000", "ebitda": "329734000", "netIncome": "168611000"}, {"fiscalDateEnding": "2012-09-30", "reportedCurrency": "USD", "grossProfit": "691730000", "totalRevenue": "19288296000", "costOfRevenue": "18596566000", "costofGoodsAndServicesSold": "18596566000", "operatingIncome": "317039000", "sellingGeneralAndAdministrative": "890810000", "researchAndDevelopment": "None", "operatingExpenses": "377321000", "investmentIncomeNet": "None", "netInterestIncome": "None", "interestIncome": "None", "interestExpense": "24620000", "nonInterestIncome": "None", "otherNonOperatingIncome": "None", "depreciation": "None", "depreciationAndAmortization": "-116325000", "incomeBeforeTax": "262687000", "incomeTaxExpense": "109993000", "interestAndDebtExpense": "None", "netIncomeFromContinuingOperations": "None", "comprehensiveIncomeNetOfTax": "None", "ebit": "285506000", "ebitda": "169181000", "netIncome": "163494000"}, {"fiscalDateEnding": "2012-06-30", "reportedCurrency": "USD", "grossProfit": "689150000", "totalRevenue": "19769384000", "costOfRevenue": "19080234000", "costofGoodsAndServicesSold": "19080234000", "operatingIncome": "344716000", "sellingGeneralAndAdministrative": "10888000", "researchAndDevelopment": "None", "operatingExpenses": "370611000", "investmentIncomeNet": "None", "netInterestIncome": "None", "interestIncome": "None", "interestExpense": "24686000", "nonInterestIncome": "None", "otherNonOperatingIncome": "None", "depreciation": "None", "depreciationAndAmortization": "38304000", "incomeBeforeTax": "293794000", "incomeTaxExpense": "112523000", "interestAndDebtExpense": "None", "netIncomeFromContinuingOperations": "None", "comprehensiveIncomeNetOfTax": "None", "ebit": "318539000", "ebitda": "356843000", "netIncome": "181271000"}, {"fiscalDateEnding": "2012-03-31", "reportedCurrency": "USD", "grossProfit": "695125000", "totalRevenue": "20071271000", "costOfRevenue": "19376146000", "costofGoodsAndServicesSold": "19376146000", "operatingIncome": "399122000", "sellingGeneralAndAdministrative": "11051000", "researchAndDevelopment": "None", "operatingExpenses": "317997000", "investmentIncomeNet": "None", "netInterestIncome": "None", "interestIncome": "None", "interestExpense": "24577000", "nonInterestIncome": "None", "otherNonOperatingIncome": "None", "depreciation": "None", "depreciationAndAmortization": "42063000", "incomeBeforeTax": "344326000", "incomeTaxExpense": "132221000", "interestAndDebtExpense": "None", "netIncomeFromContinuingOperations": "None", "comprehensiveIncomeNetOfTax": "None", "ebit": "377320000", "ebitda": "419383000", "netIncome": "212105000"}, {"fiscalDateEnding": "2011-12-31", "reportedCurrency": "USD", "grossProfit": "593093000", "totalRevenue": "20360645000", "costOfRevenue": "19767552000", "costofGoodsAndServicesSold": "19767552000", "operatingIncome": "315935000", "sellingGeneralAndAdministrative": "10468000", "researchAndDevelopment": "None", "operatingExpenses": "304620000", "investmentIncomeNet": "None", "netInterestIncome": "None", "interestIncome": "None", "interestExpense": "22796000", "nonInterestIncome": "None", "otherNonOperatingIncome": "None", "depreciation": "None", "depreciationAndAmortization": "39459000", "incomeBeforeTax": "262324000", "incomeTaxExpense": "100208000", "interestAndDebtExpense": "None", "netIncomeFromContinuingOperations": "None", "comprehensiveIncomeNetOfTax": "None", "ebit": "283327000", "ebitda": "322786000", "netIncome": "162116000"}, {"fiscalDateEnding": "2011-09-30", "reportedCurrency": "USD", "grossProfit": "617947000", "totalRevenue": "20407670000", "costOfRevenue": "19789723000", "costofGoodsAndServicesSold": "19789723000", "operatingIncome": "243571000", "sellingGeneralAndAdministrative": "882971000", "researchAndDevelopment": "None", "operatingExpenses": "367870000", "investmentIncomeNet": "None", "netInterestIncome": "None", "interestIncome": "None", "interestExpense": "20184000", "nonInterestIncome": "None", "otherNonOperatingIncome": "None", "depreciation": "None", "depreciationAndAmortization": "33679000", "incomeBeforeTax": "226525000", "incomeTaxExpense": "79201000", "interestAndDebtExpense": "None", "netIncomeFromContinuingOperations": "None", "comprehensiveIncomeNetOfTax": "None", "ebit": "245987000", "ebitda": "279666000", "netIncome": "147324000"}, {"fiscalDateEnding": "2011-06-30", "reportedCurrency": "USD", "grossProfit": "653581000", "totalRevenue": "20161022000", "costOfRevenue": "19507441000", "costofGoodsAndServicesSold": "19507441000", "operatingIncome": "317159000", "sellingGeneralAndAdministrative": "10202000", "researchAndDevelopment": "None", "operatingExpenses": "336422000", "investmentIncomeNet": "None", "netInterestIncome": "None", "interestIncome": "None", "interestExpense": "19355000", "nonInterestIncome": "None", "otherNonOperatingIncome": "None", "depreciation": "None", "depreciationAndAmortization": "27616000", "incomeBeforeTax": "298492000", "incomeTaxExpense": "114073000", "interestAndDebtExpense": "None", "netIncomeFromContinuingOperations": "None", "comprehensiveIncomeNetOfTax": "None", "ebit": "317097000", "ebitda": "344713000", "netIncome": "184419000"}, {"fiscalDateEnding": "2011-03-31", "reportedCurrency": "USD", "grossProfit": "687336000", "totalRevenue": "19760257000", "costOfRevenue": "19072921000", "costofGoodsAndServicesSold": "19072921000", "operatingIncome": "365249000", "sellingGeneralAndAdministrative": "10164000", "researchAndDevelopment": "None", "operatingExpenses": "322087000", "investmentIncomeNet": "None", "netInterestIncome": "None", "interestIncome": "None", "interestExpense": "19056000", "nonInterestIncome": "None", "otherNonOperatingIncome": "None", "depreciation": "None", "depreciationAndAmortization": "25955000", "incomeBeforeTax": "346335000", "incomeTaxExpense": "131954000", "interestAndDebtExpense": "None", "netIncomeFromContinuingOperations": "None", "comprehensiveIncomeNetOfTax": "None", "ebit": "365249000", "ebitda": "391204000", "netIncome": "214381000"}, {"fiscalDateEnding": "2010-12-31", "reportedCurrency": "USD", "grossProfit": "580232000", "totalRevenue": "19888609000", "costOfRevenue": "19308377000", "costofGoodsAndServicesSold": "19308377000", "operatingIncome": "276766000", "sellingGeneralAndAdministrative": "9684000", "researchAndDevelopment": "None", "operatingExpenses": "303466000", "investmentIncomeNet": "None", "netInterestIncome": "None", "interestIncome": "None", "interestExpense": "19144000", "nonInterestIncome": "None", "otherNonOperatingIncome": "None", "depreciation": "None", "depreciationAndAmortization": "25433000", "incomeBeforeTax": "259289000", "incomeTaxExpense": "98789000", "interestAndDebtExpense": "None", "netIncomeFromContinuingOperations": "None", "comprehensiveIncomeNetOfTax": "None", "ebit": "278433000", "ebitda": "303866000", "netIncome": "160500000"}, {"fiscalDateEnding": "2010-09-30", "reportedCurrency": "USD", "grossProfit": "592834000", "totalRevenue": "19715373000", "costOfRevenue": "19122539000", "costofGoodsAndServicesSold": "19122539000", "operatingIncome": "248172000", "sellingGeneralAndAdministrative": "848933000", "researchAndDevelopment": "None", "operatingExpenses": "341462000", "investmentIncomeNet": "None", "netInterestIncome": "None", "interestIncome": "None", "interestExpense": "18950000", "nonInterestIncome": "None", "otherNonOperatingIncome": "None", "depreciation": "None", "depreciationAndAmortization": "27771000", "incomeBeforeTax": "227786000", "incomeTaxExpense": "86558000", "interestAndDebtExpense": "None", "netIncomeFromContinuingOperations": "None", "comprehensiveIncomeNetOfTax": "None", "ebit": "247093000", "ebitda": "274864000", "netIncome": "141228000"}, {"fiscalDateEnding": "2010-06-30", "reportedCurrency": "USD", "grossProfit": "588370000", "totalRevenue": "19602120000", "costOfRevenue": "19013750000", "costofGoodsAndServicesSold": "19013750000", "operatingIncome": "281854000", "sellingGeneralAndAdministrative": "2346000", "researchAndDevelopment": "None", "operatingExpenses": "306516000", "investmentIncomeNet": "None", "netInterestIncome": "None", "interestIncome": "None", "interestExpense": "17901000", "nonInterestIncome": "None", "otherNonOperatingIncome": "None", "depreciation": "None", "depreciationAndAmortization": "21625000", "incomeBeforeTax": "263465000", "incomeTaxExpense": "100260000", "interestAndDebtExpense": "None", "netIncomeFromContinuingOperations": "None", "comprehensiveIncomeNetOfTax": "None", "ebit": "281854000", "ebitda": "303479000", "netIncome": "163205000"}, {"fiscalDateEnding": "2010-03-31", "reportedCurrency": "USD", "grossProfit": "612068000", "totalRevenue": "19300627000", "costOfRevenue": "18688559000", "costofGoodsAndServicesSold": "18688559000", "operatingIncome": "311227000", "sellingGeneralAndAdministrative": "1839000", "researchAndDevelopment": "None", "operatingExpenses": "300841000", "investmentIncomeNet": "None", "netInterestIncome": "None", "interestIncome": "None", "interestExpense": "19279000", "nonInterestIncome": "None", "otherNonOperatingIncome": "None", "depreciation": "None", "depreciationAndAmortization": "20687000", "incomeBeforeTax": "291680000", "incomeTaxExpense": "110672000", "interestAndDebtExpense": "None", "netIncomeFromContinuingOperations": "None", "comprehensiveIncomeNetOfTax": "None", "ebit": "311227000", "ebitda": "331914000", "netIncome": "181008000"}, {"fiscalDateEnding": "2009-12-31", "reportedCurrency": "USD", "grossProfit": "563370000", "totalRevenue": "19335859000", "costOfRevenue": "18772489000", "costofGoodsAndServicesSold": "18772489000", "operatingIncome": "262382000", "sellingGeneralAndAdministrative": "1358000", "researchAndDevelopment": "None", "operatingExpenses": "300988000", "investmentIncomeNet": "None", "netInterestIncome": "None", "interestIncome": "None", "interestExpense": "17267000", "nonInterestIncome": "None", "otherNonOperatingIncome": "None", "depreciation": "None", "depreciationAndAmortization": "20797000", "incomeBeforeTax": "244838000", "incomeTaxExpense": "93531000", "interestAndDebtExpense": "None", "netIncomeFromContinuingOperations": "None", "comprehensiveIncomeNetOfTax": "None", "ebit": "262382000", "ebitda": "283179000", "netIncome": "151307000"}, {"fiscalDateEnding": "2009-09-30", "reportedCurrency": "USD", "grossProfit": "538533000", "totalRevenue": "18716063000", "costOfRevenue": "18177530000", "costofGoodsAndServicesSold": "18177530000", "operatingIncome": "239990000", "sellingGeneralAndAdministrative": "834444000", "researchAndDevelopment": "None", "operatingExpenses": "312349000", "investmentIncomeNet": "None", "netInterestIncome": "None", "interestIncome": "None", "interestExpense": "14951000", "nonInterestIncome": "None", "otherNonOperatingIncome": "None", "depreciation": "None", "depreciationAndAmortization": "24500000", "incomeBeforeTax": "209412000", "incomeTaxExpense": "79265000", "interestAndDebtExpense": "None", "netIncomeFromContinuingOperations": "None", "comprehensiveIncomeNetOfTax": "None", "ebit": "226606000", "ebitda": "251106000", "netIncome": "130147000"}, {"fiscalDateEnding": "2009-06-30", "reportedCurrency": "USD", "grossProfit": "519223000", "totalRevenue": "18393899000", "costOfRevenue": "17874676000", "costofGoodsAndServicesSold": "17874676000", "operatingIncome": "212987000", "sellingGeneralAndAdministrative": "1678000", "researchAndDevelopment": "None", "operatingExpenses": "297336000", "investmentIncomeNet": "None", "netInterestIncome": "None", "interestIncome": "None", "interestExpense": "14652000", "nonInterestIncome": "None", "otherNonOperatingIncome": "None", "depreciation": "None", "depreciationAndAmortization": "19267000", "incomeBeforeTax": "198149000", "incomeTaxExpense": "79342000", "interestAndDebtExpense": "None", "netIncomeFromContinuingOperations": "None", "comprehensiveIncomeNetOfTax": "None", "ebit": "208109000", "ebitda": "227376000", "netIncome": "118807000"}, {"fiscalDateEnding": "2009-03-31", "reportedCurrency": "USD", "grossProfit": "552471000", "totalRevenue": "17311651000", "costOfRevenue": "16759180000", "costofGoodsAndServicesSold": "16759180000", "operatingIncome": "248266000", "sellingGeneralAndAdministrative": "1307000", "researchAndDevelopment": "None", "operatingExpenses": "304205000", "investmentIncomeNet": "None", "netInterestIncome": "None", "interestIncome": "None", "interestExpense": "15900000", "nonInterestIncome": "None", "otherNonOperatingIncome": "None", "depreciation": "None", "depreciationAndAmortization": "28030000", "incomeBeforeTax": "233241000", "incomeTaxExpense": "89854000", "interestAndDebtExpense": "None", "netIncomeFromContinuingOperations": "None", "comprehensiveIncomeNetOfTax": "None", "ebit": "248637000", "ebitda": "276667000", "netIncome": "143387000"}, {"fiscalDateEnding": "2008-12-31", "reportedCurrency": "USD", "grossProfit": "489848000", "totalRevenue": "17338377000", "costOfRevenue": "16848529000", "costofGoodsAndServicesSold": "16848529000", "operatingIncome": "197884000", "sellingGeneralAndAdministrative": "272026000", "researchAndDevelopment": "None", "operatingExpenses": "290935000", "investmentIncomeNet": "None", "netInterestIncome": "None", "interestIncome": "None", "interestExpense": "14183000", "nonInterestIncome": "None", "otherNonOperatingIncome": "None", "depreciation": "None", "depreciationAndAmortization": "17813000", "incomeBeforeTax": "183272000", "incomeTaxExpense": "72216000", "interestAndDebtExpense": "None", "netIncomeFromContinuingOperations": "None", "comprehensiveIncomeNetOfTax": "None", "ebit": "201467000", "ebitda": "219280000", "netIncome": "111056000"}, {"fiscalDateEnding": "2008-09-30", "reportedCurrency": "USD", "grossProfit": "527453000", "totalRevenue": "17157846000", "costOfRevenue": "16630393000", "costofGoodsAndServicesSold": "16630393000", "operatingIncome": "194301000", "sellingGeneralAndAdministrative": "858822000", "researchAndDevelopment": "None", "operatingExpenses": "321810000", "investmentIncomeNet": "None", "netInterestIncome": "None", "interestIncome": "None", "interestExpense": "32244000", "nonInterestIncome": "None", "otherNonOperatingIncome": "None", "depreciation": "None", "depreciationAndAmortization": "18752000", "incomeBeforeTax": "183730000", "incomeTaxExpense": "72701000", "interestAndDebtExpense": "None", "netIncomeFromContinuingOperations": "None", "comprehensiveIncomeNetOfTax": "None", "ebit": "188189000", "ebitda": "206941000", "netIncome": "114907000"}, {"fiscalDateEnding": "2008-06-30", "reportedCurrency": "USD", "grossProfit": "498045000", "totalRevenue": "17996666000", "costOfRevenue": "17498621000", "costofGoodsAndServicesSold": "17498621000", "operatingIncome": "197525000", "sellingGeneralAndAdministrative": "271098000", "researchAndDevelopment": "None", "operatingExpenses": "271098000", "investmentIncomeNet": "None", "netInterestIncome": "None", "interestIncome": "None", "interestExpense": "35150000", "nonInterestIncome": "None", "otherNonOperatingIncome": "None", "depreciation": "None", "depreciationAndAmortization": "18193000", "incomeBeforeTax": "180791000", "incomeTaxExpense": "288811000", "interestAndDebtExpense": "None", "netIncomeFromContinuingOperations": "None", "comprehensiveIncomeNetOfTax": "None", "ebit": "217539000", "ebitda": "235732000", "netIncome": "-108020000"}, {"fiscalDateEnding": "2008-03-31", "reportedCurrency": "USD", "grossProfit": "558753000", "totalRevenue": "17846246000", "costOfRevenue": "17287493000", "costofGoodsAndServicesSold": "17287493000", "operatingIncome": "236722000", "sellingGeneralAndAdministrative": "297607000", "researchAndDevelopment": "None", "operatingExpenses": "297607000", "investmentIncomeNet": "None", "netInterestIncome": "None", "interestIncome": "None", "interestExpense": "18726000", "nonInterestIncome": "None", "otherNonOperatingIncome": "None", "depreciation": "None", "depreciationAndAmortization": "26348000", "incomeBeforeTax": "218988000", "incomeTaxExpense": "85136000", "interestAndDebtExpense": "None", "netIncomeFromContinuingOperations": "None", "comprehensiveIncomeNetOfTax": "None", "ebit": "238498000", "ebitda": "264846000", "netIncome": "133852000"}, {"fiscalDateEnding": "2007-12-31", "reportedCurrency": "USD", "grossProfit": "507460000", "totalRevenue": "17372915000", "costOfRevenue": "16865455000", "costofGoodsAndServicesSold": "16865455000", "operatingIncome": "194990000", "sellingGeneralAndAdministrative": "290117000", "researchAndDevelopment": "None", "operatingExpenses": "312470000", "investmentIncomeNet": "None", "netInterestIncome": "None", "interestIncome": "None", "interestExpense": "16424000", "nonInterestIncome": "None", "otherNonOperatingIncome": "None", "depreciation": "None", "depreciationAndAmortization": "25557000", "incomeBeforeTax": "177829000", "incomeTaxExpense": "68009000", "interestAndDebtExpense": "None", "netIncomeFromContinuingOperations": "None", "comprehensiveIncomeNetOfTax": "None", "ebit": "195727000", "ebitda": "221284000", "netIncome": "109820000"}, {"fiscalDateEnding": "2007-09-30", "reportedCurrency": "USD", "grossProfit": "528430000", "totalRevenue": "16390450000", "costOfRevenue": "15862020000", "costofGoodsAndServicesSold": "15862020000", "operatingIncome": "147292000", "sellingGeneralAndAdministrative": "1086228000", "researchAndDevelopment": "None", "operatingExpenses": "348833000", "investmentIncomeNet": "None", "netInterestIncome": "None", "interestIncome": "None", "interestExpense": "32288000", "nonInterestIncome": "None", "otherNonOperatingIncome": "None", "depreciation": "None", "depreciationAndAmortization": "20551000", "incomeBeforeTax": "174043000", "incomeTaxExpense": "61866000", "interestAndDebtExpense": "None", "netIncomeFromContinuingOperations": "None", "comprehensiveIncomeNetOfTax": "None", "ebit": "210350000", "ebitda": "230901000", "netIncome": "87576000"}, {"fiscalDateEnding": "2007-06-30", "reportedCurrency": "USD", "grossProfit": "597223000", "totalRevenue": "16445928000", "costOfRevenue": "15848705000", "costofGoodsAndServicesSold": "15848705000", "operatingIncome": "175843000", "sellingGeneralAndAdministrative": "359877000", "researchAndDevelopment": "None", "operatingExpenses": "375169000", "investmentIncomeNet": "None", "netInterestIncome": "None", "interestIncome": "None", "interestExpense": "6325000", "nonInterestIncome": "None", "otherNonOperatingIncome": "None", "depreciation": "None", "depreciationAndAmortization": "27359000", "incomeBeforeTax": "199730000", "incomeTaxExpense": "69822000", "interestAndDebtExpense": "None", "netIncomeFromContinuingOperations": "None", "comprehensiveIncomeNetOfTax": "None", "ebit": "219943000", "ebitda": "247302000", "netIncome": "129908000"}, {"fiscalDateEnding": "2007-03-31", "reportedCurrency": "USD", "grossProfit": "606443000", "totalRevenue": "16512541000", "costOfRevenue": "15906098000", "costofGoodsAndServicesSold": "15906098000", "operatingIncome": "220892000", "sellingGeneralAndAdministrative": "363367000", "researchAndDevelopment": "None", "operatingExpenses": "385416000", "investmentIncomeNet": "None", "netInterestIncome": "None", "interestIncome": "None", "interestExpense": "14468000", "nonInterestIncome": "None", "otherNonOperatingIncome": "None", "depreciation": "None", "depreciationAndAmortization": "24991000", "incomeBeforeTax": "210627000", "incomeTaxExpense": "81131000", "interestAndDebtExpense": "None", "netIncomeFromContinuingOperations": "None", "comprehensiveIncomeNetOfTax": "None", "ebit": "221538000", "ebitda": "246529000", "netIncome": "129496000"}, {"fiscalDateEnding": "2006-12-31", "reportedCurrency": "USD", "grossProfit": "594643000", "totalRevenue": "16725393000", "costOfRevenue": "16130750000", "costofGoodsAndServicesSold": "16130750000", "operatingIncome": "208859000", "sellingGeneralAndAdministrative": "362984000", "researchAndDevelopment": "None", "operatingExpenses": "385784000", "investmentIncomeNet": "None", "netInterestIncome": "None", "interestIncome": "None", "interestExpense": "8143000", "nonInterestIncome": "None", "otherNonOperatingIncome": "None", "depreciation": "None", "depreciationAndAmortization": "26775000", "incomeBeforeTax": "200650000", "incomeTaxExpense": "78463000", "interestAndDebtExpense": "None", "netIncomeFromContinuingOperations": "None", "comprehensiveIncomeNetOfTax": "None", "ebit": "208925000", "ebitda": "235700000", "netIncome": "122187000"}, {"fiscalDateEnding": "2006-09-30", "reportedCurrency": "USD", "grossProfit": "585495000", "totalRevenue": "15643004000", "costOfRevenue": "15057509000", "costofGoodsAndServicesSold": "15057509000", "operatingIncome": "195333000", "sellingGeneralAndAdministrative": "1026193000", "researchAndDevelopment": "None", "operatingExpenses": "393653000", "investmentIncomeNet": "None", "netInterestIncome": "None", "interestIncome": "None", "interestExpense": "12464000", "nonInterestIncome": "None", "otherNonOperatingIncome": "None", "depreciation": "None", "depreciationAndAmortization": "21168000", "incomeBeforeTax": "195572000", "incomeTaxExpense": "73594000", "interestAndDebtExpense": "None", "netIncomeFromContinuingOperations": "None", "comprehensiveIncomeNetOfTax": "None", "ebit": "197694000", "ebitda": "218862000", "netIncome": "122078000"}, {"fiscalDateEnding": "2006-06-30", "reportedCurrency": "USD", "grossProfit": "557179000", "totalRevenue": "15686315000", "costOfRevenue": "15129136000", "costofGoodsAndServicesSold": "15129136000", "operatingIncome": "188844000", "sellingGeneralAndAdministrative": "346394000", "researchAndDevelopment": "None", "operatingExpenses": "368421000", "investmentIncomeNet": "None", "netInterestIncome": "None", "interestIncome": "None", "interestExpense": "None", "nonInterestIncome": "None", "otherNonOperatingIncome": "None", "depreciation": "None", "depreciationAndAmortization": "24956000", "incomeBeforeTax": "189341000", "incomeTaxExpense": "69873000", "interestAndDebtExpense": "None", "netIncomeFromContinuingOperations": "None", "comprehensiveIncomeNetOfTax": "None", "ebit": "188759000", "ebitda": "213715000", "netIncome": "119468000"}, {"fiscalDateEnding": "2006-03-31", "reportedCurrency": "USD", "grossProfit": "560763000", "totalRevenue": "15220679000", "costOfRevenue": "14659916000", "costofGoodsAndServicesSold": "14659916000", "operatingIncome": "197924000", "sellingGeneralAndAdministrative": "339113000", "researchAndDevelopment": "None", "operatingExpenses": "350435000", "investmentIncomeNet": "None", "netInterestIncome": "None", "interestIncome": "None", "interestExpense": "None", "nonInterestIncome": "None", "otherNonOperatingIncome": "None", "depreciation": "None", "depreciationAndAmortization": "23229000", "incomeBeforeTax": "196406000", "incomeTaxExpense": "67816000", "interestAndDebtExpense": "None", "netIncomeFromContinuingOperations": "None", "comprehensiveIncomeNetOfTax": "None", "ebit": "199252000", "ebitda": "222481000", "netIncome": "129001000"}, {"fiscalDateEnding": "2005-12-31", "reportedCurrency": "USD", "grossProfit": "528378000", "totalRevenue": "14653147000", "costOfRevenue": "14124769000", "costofGoodsAndServicesSold": "14124769000", "operatingIncome": "166605000", "sellingGeneralAndAdministrative": "340686000", "researchAndDevelopment": "None", "operatingExpenses": "361773000", "investmentIncomeNet": "None", "netInterestIncome": "None", "interestIncome": "None", "interestExpense": "6512000", "nonInterestIncome": "None", "otherNonOperatingIncome": "None", "depreciation": "None", "depreciationAndAmortization": "23694000", "incomeBeforeTax": "159310000", "incomeTaxExpense": "62043000", "interestAndDebtExpense": "None", "netIncomeFromContinuingOperations": "None", "comprehensiveIncomeNetOfTax": "None", "ebit": "167388000", "ebitda": "191082000", "netIncome": "98685000"}]}