{"symbol": "AROW", "annualReports": [{"fiscalDateEnding": "2025-12-31", "reportedCurrency": "None", "grossProfit": "158322000", "totalRevenue": "242579000", "costOfRevenue": "84257000", "costofGoodsAndServicesSold": "84257000", "operatingIncome": "55388000", "sellingGeneralAndAdministrative": "84842000", "researchAndDevelopment": "None", "operatingExpenses": "102934000", "investmentIncomeNet": "None", "netInterestIncome": "None", "interestIncome": "None", "interestExpense": "76983000", "nonInterestIncome": "None", "otherNonOperatingIncome": "None", "depreciation": "None", "depreciationAndAmortization": "None", "incomeBeforeTax": "55388000", "incomeTaxExpense": "11435000", "interestAndDebtExpense": "None", "netIncomeFromContinuingOperations": "None", "comprehensiveIncomeNetOfTax": "None", "ebit": "None", "ebitda": "55388000", "netIncome": "43953000"}, {"fiscalDateEnding": "2024-12-31", "reportedCurrency": "USD", "grossProfit": "134626000", "totalRevenue": "223067000", "costOfRevenue": "88441000", "costofGoodsAndServicesSold": "88441000", "operatingIncome": "37358000", "sellingGeneralAndAdministrative": "55482000", "researchAndDevelopment": "None", "operatingExpenses": "97268000", "investmentIncomeNet": "None", "netInterestIncome": "111732000", "interestIncome": "194993000", "interestExpense": "83261000", "nonInterestIncome": "None", "otherNonOperatingIncome": "None", "depreciation": "None", "depreciationAndAmortization": "5361000", "incomeBeforeTax": "37358000", "incomeTaxExpense": "7649000", "interestAndDebtExpense": "None", "netIncomeFromContinuingOperations": "29709000", "comprehensiveIncomeNetOfTax": "None", "ebit": "37358000", "ebitda": "42719000", "netIncome": "29709000"}, {"fiscalDateEnding": "2023-12-31", "reportedCurrency": "USD", "grossProfit": "130568000", "totalRevenue": "191681000", "costOfRevenue": "61113000", "costofGoodsAndServicesSold": "61113000", "operatingIncome": "37520000", "sellingGeneralAndAdministrative": "49717000", "researchAndDevelopment": "None", "operatingExpenses": "93048000", "investmentIncomeNet": "None", "netInterestIncome": "109798000", "interestIncome": "154144000", "interestExpense": "57732000", "nonInterestIncome": "None", "otherNonOperatingIncome": "None", "depreciation": "None", "depreciationAndAmortization": "6718000", "incomeBeforeTax": "37520000", "incomeTaxExpense": "7445000", "interestAndDebtExpense": "None", "netIncomeFromContinuingOperations": "34439000", "comprehensiveIncomeNetOfTax": "None", "ebit": "37520000", "ebitda": "44238000", "netIncome": "30075000"}, {"fiscalDateEnding": "2022-12-31", "reportedCurrency": "USD", "grossProfit": "149241000", "totalRevenue": "149241000", "costOfRevenue": "None", "costofGoodsAndServicesSold": "None", "operatingIncome": "74221000", "sellingGeneralAndAdministrative": "48179000", "researchAndDevelopment": "None", "operatingExpenses": "None", "investmentIncomeNet": "None", "netInterestIncome": "118343000", "interestIncome": "129651000", "interestExpense": "11308000", "nonInterestIncome": "None", "otherNonOperatingIncome": "None", "depreciation": "None", "depreciationAndAmortization": "None", "incomeBeforeTax": "62913000", "incomeTaxExpense": "14114000", "interestAndDebtExpense": "None", "netIncomeFromContinuingOperations": "48799000", "comprehensiveIncomeNetOfTax": "None", "ebit": "74221000", "ebitda": "None", "netIncome": "48799000"}, {"fiscalDateEnding": "2021-12-31", "reportedCurrency": "USD", "grossProfit": "142452000", "totalRevenue": "147919000", "costOfRevenue": "5467000", "costofGoodsAndServicesSold": "5467000", "operatingIncome": "64404000", "sellingGeneralAndAdministrative": "45840000", "researchAndDevelopment": "None", "operatingExpenses": "78048000", "investmentIncomeNet": "None", "netInterestIncome": "110355000", "interestIncome": "115550000", "interestExpense": "5195000", "nonInterestIncome": "None", "otherNonOperatingIncome": "None", "depreciation": "None", "depreciationAndAmortization": "7826000", "incomeBeforeTax": "64404000", "incomeTaxExpense": "14547000", "interestAndDebtExpense": "None", "netIncomeFromContinuingOperations": "49857000", "comprehensiveIncomeNetOfTax": "None", "ebit": "64404000", "ebitda": "72230000", "netIncome": "49857000"}, {"fiscalDateEnding": "2020-12-31", "reportedCurrency": "USD", "grossProfit": "122541000", "totalRevenue": "144554000", "costOfRevenue": "22013000", "costofGoodsAndServicesSold": "22013000", "operatingIncome": "51863000", "sellingGeneralAndAdministrative": "44794000", "researchAndDevelopment": "None", "operatingExpenses": "70678000", "investmentIncomeNet": "None", "netInterestIncome": "99202000", "interestIncome": "111896000", "interestExpense": "12694000", "nonInterestIncome": "None", "otherNonOperatingIncome": "None", "depreciation": "None", "depreciationAndAmortization": "6867000", "incomeBeforeTax": "51863000", "incomeTaxExpense": "11036000", "interestAndDebtExpense": "None", "netIncomeFromContinuingOperations": "40827000", "comprehensiveIncomeNetOfTax": "None", "ebit": "51863000", "ebitda": "58730000", "netIncome": "40827000"}, {"fiscalDateEnding": "2019-12-31", "reportedCurrency": "USD", "grossProfit": "114525000", "totalRevenue": "138314000", "costOfRevenue": "23789000", "costofGoodsAndServicesSold": "23789000", "operatingIncome": "47075000", "sellingGeneralAndAdministrative": "40444000", "researchAndDevelopment": "None", "operatingExpenses": "67450000", "investmentIncomeNet": "None", "netInterestIncome": "88049000", "interestIncome": "109759000", "interestExpense": "21710000", "nonInterestIncome": "None", "otherNonOperatingIncome": "None", "depreciation": "None", "depreciationAndAmortization": "5503000", "incomeBeforeTax": "47075000", "incomeTaxExpense": "9600000", "interestAndDebtExpense": "None", "netIncomeFromContinuingOperations": "37475000", "comprehensiveIncomeNetOfTax": "None", "ebit": "47075000", "ebitda": "52578000", "netIncome": "37475000"}, {"fiscalDateEnding": "2018-12-31", "reportedCurrency": "USD", "grossProfit": "110360000", "totalRevenue": "125452000", "costOfRevenue": "15092000", "costofGoodsAndServicesSold": "15092000", "operatingIncome": "45305000", "sellingGeneralAndAdministrative": "41433000", "researchAndDevelopment": "0", "operatingExpenses": "65055000", "investmentIncomeNet": "None", "netInterestIncome": "84018000", "interestIncome": "96503000", "interestExpense": "12485000", "nonInterestIncome": "None", "otherNonOperatingIncome": "None", "depreciation": "None", "depreciationAndAmortization": "4751000", "incomeBeforeTax": "45305000", "incomeTaxExpense": "9026000", "interestAndDebtExpense": "None", "netIncomeFromContinuingOperations": "36279000", "comprehensiveIncomeNetOfTax": "None", "ebit": "45305000", "ebitda": "50056000", "netIncome": "36279000"}, {"fiscalDateEnding": "2017-12-31", "reportedCurrency": "USD", "grossProfit": "102560000", "totalRevenue": "112302000", "costOfRevenue": "9742000", "costofGoodsAndServicesSold": "9742000", "operatingIncome": "39855000", "sellingGeneralAndAdministrative": "40356000", "researchAndDevelopment": "0", "operatingExpenses": "62705000", "investmentIncomeNet": "None", "netInterestIncome": "77651000", "interestIncome": "84657000", "interestExpense": "7006000", "nonInterestIncome": "None", "otherNonOperatingIncome": "None", "depreciation": "None", "depreciationAndAmortization": "5398000", "incomeBeforeTax": "39855000", "incomeTaxExpense": "10529000", "interestAndDebtExpense": "None", "netIncomeFromContinuingOperations": "29326000", "comprehensiveIncomeNetOfTax": "None", "ebit": "39855000", "ebitda": "45253000", "netIncome": "29326000"}, {"fiscalDateEnding": "2016-12-31", "reportedCurrency": "USD", "grossProfit": "97358000", "totalRevenue": "104747000", "costOfRevenue": "7389000", "costofGoodsAndServicesSold": "7389000", "operatingIncome": "37749000", "sellingGeneralAndAdministrative": "43238000", "researchAndDevelopment": "0", "operatingExpenses": "59609000", "investmentIncomeNet": "None", "netInterestIncome": "71559000", "interestIncome": "76915000", "interestExpense": "5356000", "nonInterestIncome": "None", "otherNonOperatingIncome": "None", "depreciation": "None", "depreciationAndAmortization": "5940000", "incomeBeforeTax": "37749000", "incomeTaxExpense": "11215000", "interestAndDebtExpense": "None", "netIncomeFromContinuingOperations": "26534000", "comprehensiveIncomeNetOfTax": "None", "ebit": "37749000", "ebitda": "43689000", "netIncome": "26534000"}, {"fiscalDateEnding": "2015-12-31", "reportedCurrency": "USD", "grossProfit": "92702000", "totalRevenue": "98862000", "costOfRevenue": "6160000", "costofGoodsAndServicesSold": "6160000", "operatingIncome": "35272000", "sellingGeneralAndAdministrative": "40837000", "researchAndDevelopment": "0", "operatingExpenses": "57430000", "investmentIncomeNet": "None", "netInterestIncome": "65925000", "interestIncome": "70738000", "interestExpense": "4813000", "nonInterestIncome": "None", "otherNonOperatingIncome": "None", "depreciation": "None", "depreciationAndAmortization": "6293000", "incomeBeforeTax": "35272000", "incomeTaxExpense": "10610000", "interestAndDebtExpense": "None", "netIncomeFromContinuingOperations": "24662000", "comprehensiveIncomeNetOfTax": "None", "ebit": "35272000", "ebitda": "41565000", "netIncome": "24662000"}, {"fiscalDateEnding": "2014-12-31", "reportedCurrency": "USD", "grossProfit": "87562000", "totalRevenue": "95177000", "costOfRevenue": "7615000", "costofGoodsAndServicesSold": "7615000", "operatingIncome": "33534000", "sellingGeneralAndAdministrative": "38398000", "researchAndDevelopment": "0", "operatingExpenses": "54028000", "investmentIncomeNet": "None", "netInterestIncome": "None", "interestIncome": "None", "interestExpense": "5767000", "nonInterestIncome": "None", "otherNonOperatingIncome": "None", "depreciation": "None", "depreciationAndAmortization": "7042000", "incomeBeforeTax": "33534000", "incomeTaxExpense": "10174000", "interestAndDebtExpense": "None", "netIncomeFromContinuingOperations": "23360000", "comprehensiveIncomeNetOfTax": "None", "ebit": "33534000", "ebitda": "40576000", "netIncome": "23360000"}, {"fiscalDateEnding": "2013-12-31", "reportedCurrency": "USD", "grossProfit": "84077000", "totalRevenue": "92199000", "costOfRevenue": "8122000", "costofGoodsAndServicesSold": "8122000", "operatingIncome": "30874000", "sellingGeneralAndAdministrative": "38278000", "researchAndDevelopment": "0", "operatingExpenses": "53203000", "investmentIncomeNet": "None", "netInterestIncome": "None", "interestIncome": "None", "interestExpense": "7922000", "nonInterestIncome": "None", "otherNonOperatingIncome": "None", "depreciation": "None", "depreciationAndAmortization": "8870000", "incomeBeforeTax": "30874000", "incomeTaxExpense": "9079000", "interestAndDebtExpense": "None", "netIncomeFromContinuingOperations": "21795000", "comprehensiveIncomeNetOfTax": "None", "ebit": "30874000", "ebitda": "39744000", "netIncome": "21795000"}, {"fiscalDateEnding": "2012-12-31", "reportedCurrency": "USD", "grossProfit": "83676000", "totalRevenue": "96478000", "costOfRevenue": "12802000", "costofGoodsAndServicesSold": "12802000", "operatingIncome": "31840000", "sellingGeneralAndAdministrative": "37815000", "researchAndDevelopment": "0", "operatingExpenses": "51836000", "investmentIncomeNet": "None", "netInterestIncome": "None", "interestIncome": "None", "interestExpense": "11957000", "nonInterestIncome": "None", "otherNonOperatingIncome": "None", "depreciation": "None", "depreciationAndAmortization": "8856000", "incomeBeforeTax": "31840000", "incomeTaxExpense": "9661000", "interestAndDebtExpense": "None", "netIncomeFromContinuingOperations": "22179000", "comprehensiveIncomeNetOfTax": "None", "ebit": "31840000", "ebitda": "40696000", "netIncome": "22179000"}, {"fiscalDateEnding": "2011-12-31", "reportedCurrency": "USD", "grossProfit": "83195000", "totalRevenue": "102719000", "costOfRevenue": "19524000", "costofGoodsAndServicesSold": "19524000", "operatingIncome": "31647000", "sellingGeneralAndAdministrative": "36111000", "researchAndDevelopment": "0", "operatingExpenses": "51548000", "investmentIncomeNet": "None", "netInterestIncome": "None", "interestIncome": "None", "interestExpense": "18679000", "nonInterestIncome": "None", "otherNonOperatingIncome": "None", "depreciation": "None", "depreciationAndAmortization": "6509000", "incomeBeforeTax": "31647000", "incomeTaxExpense": "9714000", "interestAndDebtExpense": "None", "netIncomeFromContinuingOperations": "21933000", "comprehensiveIncomeNetOfTax": "None", "ebit": "31647000", "ebitda": "38156000", "netIncome": "21933000"}, {"fiscalDateEnding": "2010-12-31", "reportedCurrency": "USD", "grossProfit": "79064000", "totalRevenue": "104061000", "costOfRevenue": "24997000", "costofGoodsAndServicesSold": "24997000", "operatingIncome": "31646000", "sellingGeneralAndAdministrative": "34000000", "researchAndDevelopment": "None", "operatingExpenses": "47418000", "investmentIncomeNet": "None", "netInterestIncome": "None", "interestIncome": "None", "interestExpense": "23695000", "nonInterestIncome": "None", "otherNonOperatingIncome": "None", "depreciation": "None", "depreciationAndAmortization": "3563000", "incomeBeforeTax": "31646000", "incomeTaxExpense": "9754000", "interestAndDebtExpense": "None", "netIncomeFromContinuingOperations": "None", "comprehensiveIncomeNetOfTax": "None", "ebit": "31646000", "ebitda": "35209000", "netIncome": "21892000"}, {"fiscalDateEnding": "2009-12-31", "reportedCurrency": "USD", "grossProfit": "75583000", "totalRevenue": "103858000", "costOfRevenue": "28275000", "costofGoodsAndServicesSold": "28275000", "operatingIncome": "31582000", "sellingGeneralAndAdministrative": "27042000", "researchAndDevelopment": "None", "operatingExpenses": "44001000", "investmentIncomeNet": "None", "netInterestIncome": "None", "interestIncome": "None", "interestExpense": "26492000", "nonInterestIncome": "None", "otherNonOperatingIncome": "None", "depreciation": "None", "depreciationAndAmortization": "2813000", "incomeBeforeTax": "31582000", "incomeTaxExpense": "9790000", "interestAndDebtExpense": "None", "netIncomeFromContinuingOperations": "None", "comprehensiveIncomeNetOfTax": "None", "ebit": "31582000", "ebitda": "34395000", "netIncome": "21792000"}, {"fiscalDateEnding": "2008-12-31", "reportedCurrency": "USD", "grossProfit": "73439000", "totalRevenue": "107387000", "costOfRevenue": "33948000", "costofGoodsAndServicesSold": "33948000", "operatingIncome": "29436000", "sellingGeneralAndAdministrative": "24551000", "researchAndDevelopment": "None", "operatingExpenses": "44003000", "investmentIncomeNet": "None", "netInterestIncome": "None", "interestIncome": "None", "interestExpense": "32277000", "nonInterestIncome": "None", "otherNonOperatingIncome": "None", "depreciation": "None", "depreciationAndAmortization": "2571000", "incomeBeforeTax": "29436000", "incomeTaxExpense": "8999000", "interestAndDebtExpense": "None", "netIncomeFromContinuingOperations": "None", "comprehensiveIncomeNetOfTax": "None", "ebit": "29436000", "ebitda": "32007000", "netIncome": "20437000"}, {"fiscalDateEnding": "2007-12-31", "reportedCurrency": "USD", "grossProfit": "62069000", "totalRevenue": "102865000", "costOfRevenue": "40796000", "costofGoodsAndServicesSold": "40796000", "operatingIncome": "24139000", "sellingGeneralAndAdministrative": "21424000", "researchAndDevelopment": "None", "operatingExpenses": "37930000", "investmentIncomeNet": "None", "netInterestIncome": "None", "interestIncome": "None", "interestExpense": "40283000", "nonInterestIncome": "None", "otherNonOperatingIncome": "None", "depreciation": "None", "depreciationAndAmortization": "2868000", "incomeBeforeTax": "24139000", "incomeTaxExpense": "6807000", "interestAndDebtExpense": "None", "netIncomeFromContinuingOperations": "None", "comprehensiveIncomeNetOfTax": "None", "ebit": "24139000", "ebitda": "27007000", "netIncome": "17332000"}, {"fiscalDateEnding": "2006-12-31", "reportedCurrency": "USD", "grossProfit": "15781000", "totalRevenue": "51350000", "costOfRevenue": "35569000", "costofGoodsAndServicesSold": "35569000", "operatingIncome": "24016000", "sellingGeneralAndAdministrative": "22096000", "researchAndDevelopment": "None", "operatingExpenses": "-8235000", "investmentIncomeNet": "None", "netInterestIncome": "None", "interestIncome": "None", "interestExpense": "34743000", "nonInterestIncome": "None", "otherNonOperatingIncome": "None", "depreciation": "None", "depreciationAndAmortization": "3025000", "incomeBeforeTax": "24016000", "incomeTaxExpense": "7124000", "interestAndDebtExpense": "None", "netIncomeFromContinuingOperations": "None", "comprehensiveIncomeNetOfTax": "None", "ebit": "24016000", "ebitda": "27041000", "netIncome": "16892000"}], "quarterlyReports": [{"fiscalDateEnding": "2025-12-31", "reportedCurrency": "None", "grossProfit": "42565000", "totalRevenue": "62878000", "costOfRevenue": "20313000", "costofGoodsAndServicesSold": "20313000", "operatingIncome": "16761000", "sellingGeneralAndAdministrative": "21342000", "researchAndDevelopment": "None", "operatingExpenses": "25804000", "investmentIncomeNet": "None", "netInterestIncome": "None", "interestIncome": "None", "interestExpense": "19467000", "nonInterestIncome": "None", "otherNonOperatingIncome": "None", "depreciation": "None", "depreciationAndAmortization": "None", "incomeBeforeTax": "16761000", "incomeTaxExpense": "2748000", "interestAndDebtExpense": "None", "netIncomeFromContinuingOperations": "None", "comprehensiveIncomeNetOfTax": "None", "ebit": "None", "ebitda": "16761000", "netIncome": "14013000"}, {"fiscalDateEnding": "2025-09-30", "reportedCurrency": "USD", "grossProfit": "42032000", "totalRevenue": "62314000", "costOfRevenue": "20282000", "costofGoodsAndServicesSold": "20282000", "operatingIncome": "16599000", "sellingGeneralAndAdministrative": "14973000", "researchAndDevelopment": "None", "operatingExpenses": "25433000", "investmentIncomeNet": "None", "netInterestIncome": "34131000", "interestIncome": "53598000", "interestExpense": "19467000", "nonInterestIncome": "None", "otherNonOperatingIncome": "None", "depreciation": "None", "depreciationAndAmortization": "1511000", "incomeBeforeTax": "16599000", "incomeTaxExpense": "3774000", "interestAndDebtExpense": "None", "netIncomeFromContinuingOperations": "12825000", "comprehensiveIncomeNetOfTax": "None", "ebit": "16599000", "ebitda": "18110000", "netIncome": "12825000"}, {"fiscalDateEnding": "2025-06-30", "reportedCurrency": "USD", "grossProfit": "39548000", "totalRevenue": "59182000", "costOfRevenue": "19634000", "costofGoodsAndServicesSold": "19634000", "operatingIncome": "13896000", "sellingGeneralAndAdministrative": "14735000", "researchAndDevelopment": "None", "operatingExpenses": "25652000", "investmentIncomeNet": "None", "netInterestIncome": "32533000", "interestIncome": "51573000", "interestExpense": "19040000", "nonInterestIncome": "None", "otherNonOperatingIncome": "None", "depreciation": "None", "depreciationAndAmortization": "1413000", "incomeBeforeTax": "13896000", "incomeTaxExpense": "3091000", "interestAndDebtExpense": "None", "netIncomeFromContinuingOperations": "10805000", "comprehensiveIncomeNetOfTax": "None", "ebit": "13896000", "ebitda": "15309000", "netIncome": "10805000"}, {"fiscalDateEnding": "2025-03-31", "reportedCurrency": "USD", "grossProfit": "34177000", "totalRevenue": "58205000", "costOfRevenue": "24028000", "costofGoodsAndServicesSold": "24028000", "operatingIncome": "8132000", "sellingGeneralAndAdministrative": "14225000", "researchAndDevelopment": "None", "operatingExpenses": "26045000", "investmentIncomeNet": "None", "netInterestIncome": "31357000", "interestIncome": "50366000", "interestExpense": "19009000", "nonInterestIncome": "None", "otherNonOperatingIncome": "None", "depreciation": "None", "depreciationAndAmortization": "1206000", "incomeBeforeTax": "8132000", "incomeTaxExpense": "1822000", "interestAndDebtExpense": "None", "netIncomeFromContinuingOperations": "6310000", "comprehensiveIncomeNetOfTax": "None", "ebit": "8132000", "ebitda": "9338000", "netIncome": "6310000"}, {"fiscalDateEnding": "2024-12-31", "reportedCurrency": "USD", "grossProfit": "31060000", "totalRevenue": "55128000", "costOfRevenue": "24068000", "costofGoodsAndServicesSold": "24068000", "operatingIncome": "5222000", "sellingGeneralAndAdministrative": "13996000", "researchAndDevelopment": "None", "operatingExpenses": "25838000", "investmentIncomeNet": "None", "netInterestIncome": "29687000", "interestIncome": "50901000", "interestExpense": "21214000", "nonInterestIncome": "None", "otherNonOperatingIncome": "None", "depreciation": "None", "depreciationAndAmortization": "1353000", "incomeBeforeTax": "5222000", "incomeTaxExpense": "752000", "interestAndDebtExpense": "None", "netIncomeFromContinuingOperations": "4470000", "comprehensiveIncomeNetOfTax": "None", "ebit": "5222000", "ebitda": "6575000", "netIncome": "4470000"}, {"fiscalDateEnding": "2024-09-30", "reportedCurrency": "USD", "grossProfit": "35637000", "totalRevenue": "57576000", "costOfRevenue": "21939000", "costofGoodsAndServicesSold": "21939000", "operatingIncome": "11537000", "sellingGeneralAndAdministrative": "14144000", "researchAndDevelopment": "None", "operatingExpenses": "24100000", "investmentIncomeNet": "None", "netInterestIncome": "28438000", "interestIncome": "49443000", "interestExpense": "21005000", "nonInterestIncome": "None", "otherNonOperatingIncome": "None", "depreciation": "None", "depreciationAndAmortization": "1364000", "incomeBeforeTax": "11537000", "incomeTaxExpense": "2562000", "interestAndDebtExpense": "None", "netIncomeFromContinuingOperations": "8975000", "comprehensiveIncomeNetOfTax": "None", "ebit": "11537000", "ebitda": "12901000", "netIncome": "8975000"}, {"fiscalDateEnding": "2024-06-30", "reportedCurrency": "USD", "grossProfit": "34233000", "totalRevenue": "55828000", "costOfRevenue": "21595000", "costofGoodsAndServicesSold": "21595000", "operatingIncome": "10915000", "sellingGeneralAndAdministrative": "13734000", "researchAndDevelopment": "None", "operatingExpenses": "23318000", "investmentIncomeNet": "None", "netInterestIncome": "27152000", "interestIncome": "47972000", "interestExpense": "20820000", "nonInterestIncome": "None", "otherNonOperatingIncome": "None", "depreciation": "None", "depreciationAndAmortization": "1250000", "incomeBeforeTax": "10915000", "incomeTaxExpense": "2311000", "interestAndDebtExpense": "None", "netIncomeFromContinuingOperations": "8604000", "comprehensiveIncomeNetOfTax": "None", "ebit": "10915000", "ebitda": "12165000", "netIncome": "8604000"}, {"fiscalDateEnding": "2024-03-31", "reportedCurrency": "USD", "grossProfit": "33696000", "totalRevenue": "54535000", "costOfRevenue": "20839000", "costofGoodsAndServicesSold": "20839000", "operatingIncome": "9684000", "sellingGeneralAndAdministrative": "13608000", "researchAndDevelopment": "None", "operatingExpenses": "24012000", "investmentIncomeNet": "None", "netInterestIncome": "26455000", "interestIncome": "46677000", "interestExpense": "20222000", "nonInterestIncome": "None", "otherNonOperatingIncome": "None", "depreciation": "None", "depreciationAndAmortization": "1394000", "incomeBeforeTax": "9684000", "incomeTaxExpense": "2024000", "interestAndDebtExpense": "None", "netIncomeFromContinuingOperations": "7660000", "comprehensiveIncomeNetOfTax": "None", "ebit": "9684000", "ebitda": "11078000", "netIncome": "7660000"}, {"fiscalDateEnding": "2023-12-31", "reportedCurrency": "USD", "grossProfit": "32572000", "totalRevenue": "51808000", "costOfRevenue": "19236000", "costofGoodsAndServicesSold": "19236000", "operatingIncome": "9382000", "sellingGeneralAndAdministrative": "12265000", "researchAndDevelopment": "None", "operatingExpenses": "23190000", "investmentIncomeNet": "None", "netInterestIncome": "25613000", "interestIncome": "44324000", "interestExpense": "18711000", "nonInterestIncome": "None", "otherNonOperatingIncome": "None", "depreciation": "None", "depreciationAndAmortization": "1756000", "incomeBeforeTax": "9382000", "incomeTaxExpense": "1659000", "interestAndDebtExpense": "None", "netIncomeFromContinuingOperations": "7723000", "comprehensiveIncomeNetOfTax": "None", "ebit": "9382000", "ebitda": "11138000", "netIncome": "7723000"}, {"fiscalDateEnding": "2023-09-30", "reportedCurrency": "USD", "grossProfit": "33049000", "totalRevenue": "50167000", "costOfRevenue": "17118000", "costofGoodsAndServicesSold": "17118000", "operatingIncome": "9570000", "sellingGeneralAndAdministrative": "12503000", "researchAndDevelopment": "None", "operatingExpenses": "23479000", "investmentIncomeNet": "None", "netInterestIncome": "25353000", "interestIncome": "42117000", "interestExpense": "16764000", "nonInterestIncome": "None", "otherNonOperatingIncome": "None", "depreciation": "None", "depreciationAndAmortization": "1530000", "incomeBeforeTax": "9570000", "incomeTaxExpense": "1827000", "interestAndDebtExpense": "None", "netIncomeFromContinuingOperations": "7743000", "comprehensiveIncomeNetOfTax": "None", "ebit": "9570000", "ebitda": "11100000", "netIncome": "7743000"}, {"fiscalDateEnding": "2023-06-30", "reportedCurrency": "USD", "grossProfit": "31730000", "totalRevenue": "46919000", "costOfRevenue": "15189000", "costofGoodsAndServicesSold": "15189000", "operatingIncome": "7647000", "sellingGeneralAndAdministrative": "12523000", "researchAndDevelopment": "None", "operatingExpenses": "24083000", "investmentIncomeNet": "None", "netInterestIncome": "25772000", "interestIncome": "40013000", "interestExpense": "14241000", "nonInterestIncome": "None", "otherNonOperatingIncome": "None", "depreciation": "None", "depreciationAndAmortization": "1694000", "incomeBeforeTax": "7647000", "incomeTaxExpense": "1600000", "interestAndDebtExpense": "None", "netIncomeFromContinuingOperations": "-109389000", "comprehensiveIncomeNetOfTax": "None", "ebit": "7647000", "ebitda": "9341000", "netIncome": "6047000"}, {"fiscalDateEnding": "2023-03-31", "reportedCurrency": "USD", "grossProfit": "None", "totalRevenue": "34771000", "costOfRevenue": "None", "costofGoodsAndServicesSold": "None", "operatingIncome": "None", "sellingGeneralAndAdministrative": "12426000", "researchAndDevelopment": "None", "operatingExpenses": "None", "investmentIncomeNet": "None", "netInterestIncome": "28094000", "interestIncome": "36110000", "interestExpense": "8016000", "nonInterestIncome": "None", "otherNonOperatingIncome": "None", "depreciation": "None", "depreciationAndAmortization": "None", "incomeBeforeTax": "10921000", "incomeTaxExpense": "None", "interestAndDebtExpense": "None", "netIncomeFromContinuingOperations": "8562000", "comprehensiveIncomeNetOfTax": "None", "ebit": "None", "ebitda": "None", "netIncome": "8562000"}, {"fiscalDateEnding": "2022-12-31", "reportedCurrency": "USD", "grossProfit": "37744000", "totalRevenue": "37744000", "costOfRevenue": "None", "costofGoodsAndServicesSold": "None", "operatingIncome": "20868000", "sellingGeneralAndAdministrative": "11886000", "researchAndDevelopment": "None", "operatingExpenses": "None", "investmentIncomeNet": "None", "netInterestIncome": "30579000", "interestIncome": "35904000", "interestExpense": "5325000", "nonInterestIncome": "None", "otherNonOperatingIncome": "None", "depreciation": "None", "depreciationAndAmortization": "None", "incomeBeforeTax": "15543000", "incomeTaxExpense": "3456000", "interestAndDebtExpense": "None", "netIncomeFromContinuingOperations": "12087000", "comprehensiveIncomeNetOfTax": "None", "ebit": "None", "ebitda": "20868000", "netIncome": "12087000"}, {"fiscalDateEnding": "2022-09-30", "reportedCurrency": "USD", "grossProfit": "37013000", "totalRevenue": "42034000", "costOfRevenue": "5021000", "costofGoodsAndServicesSold": "5021000", "operatingIncome": "15565000", "sellingGeneralAndAdministrative": "12722000", "researchAndDevelopment": "None", "operatingExpenses": "21448000", "investmentIncomeNet": "None", "netInterestIncome": "30901000", "interestIncome": "34207000", "interestExpense": "3306000", "nonInterestIncome": "None", "otherNonOperatingIncome": "None", "depreciation": "None", "depreciationAndAmortization": "2010000", "incomeBeforeTax": "15565000", "incomeTaxExpense": "3402000", "interestAndDebtExpense": "None", "netIncomeFromContinuingOperations": "12163000", "comprehensiveIncomeNetOfTax": "None", "ebit": "15565000", "ebitda": "17575000", "netIncome": "12163000"}, {"fiscalDateEnding": "2022-06-30", "reportedCurrency": "USD", "grossProfit": "35877000", "totalRevenue": "38337000", "costOfRevenue": "2460000", "costofGoodsAndServicesSold": "2460000", "operatingIncome": "15532000", "sellingGeneralAndAdministrative": "11978000", "researchAndDevelopment": "None", "operatingExpenses": "20345000", "investmentIncomeNet": "None", "netInterestIncome": "29038000", "interestIncome": "30593000", "interestExpense": "1555000", "nonInterestIncome": "None", "otherNonOperatingIncome": "None", "depreciation": "None", "depreciationAndAmortization": "1890000", "incomeBeforeTax": "15532000", "incomeTaxExpense": "3558000", "interestAndDebtExpense": "None", "netIncomeFromContinuingOperations": "11974000", "comprehensiveIncomeNetOfTax": "None", "ebit": "15532000", "ebitda": "17422000", "netIncome": "11974000"}, {"fiscalDateEnding": "2022-03-31", "reportedCurrency": "USD", "grossProfit": "35218000", "totalRevenue": "37109000", "costOfRevenue": "1891000", "costofGoodsAndServicesSold": "1891000", "operatingIncome": "16273000", "sellingGeneralAndAdministrative": "11593000", "researchAndDevelopment": "None", "operatingExpenses": "18945000", "investmentIncomeNet": "None", "netInterestIncome": "27825000", "interestIncome": "28947000", "interestExpense": "1122000", "nonInterestIncome": "None", "otherNonOperatingIncome": "None", "depreciation": "None", "depreciationAndAmortization": "1945000", "incomeBeforeTax": "16273000", "incomeTaxExpense": "3698000", "interestAndDebtExpense": "None", "netIncomeFromContinuingOperations": "12575000", "comprehensiveIncomeNetOfTax": "None", "ebit": "16273000", "ebitda": "18218000", "netIncome": "12575000"}, {"fiscalDateEnding": "2021-12-31", "reportedCurrency": "USD", "grossProfit": "34233000", "totalRevenue": "35943000", "costOfRevenue": "1710000", "costofGoodsAndServicesSold": "1710000", "operatingIncome": "13373000", "sellingGeneralAndAdministrative": "13481000", "researchAndDevelopment": "None", "operatingExpenses": "20860000", "investmentIncomeNet": "None", "netInterestIncome": "27202000", "interestIncome": "28354000", "interestExpense": "1152000", "nonInterestIncome": "None", "otherNonOperatingIncome": "None", "depreciation": "None", "depreciationAndAmortization": "1932000", "incomeBeforeTax": "13373000", "incomeTaxExpense": "3064000", "interestAndDebtExpense": "None", "netIncomeFromContinuingOperations": "10309000", "comprehensiveIncomeNetOfTax": "None", "ebit": "13373000", "ebitda": "15305000", "netIncome": "10309000"}, {"fiscalDateEnding": "2021-09-30", "reportedCurrency": "USD", "grossProfit": "36233000", "totalRevenue": "37501000", "costOfRevenue": "1268000", "costofGoodsAndServicesSold": "1268000", "operatingIncome": "16810000", "sellingGeneralAndAdministrative": "11626000", "researchAndDevelopment": "None", "operatingExpenses": "19423000", "investmentIncomeNet": "None", "netInterestIncome": "28638000", "interestIncome": "29807000", "interestExpense": "1169000", "nonInterestIncome": "None", "otherNonOperatingIncome": "None", "depreciation": "None", "depreciationAndAmortization": "1942000", "incomeBeforeTax": "16810000", "incomeTaxExpense": "3821000", "interestAndDebtExpense": "None", "netIncomeFromContinuingOperations": "12989000", "comprehensiveIncomeNetOfTax": "None", "ebit": "16810000", "ebitda": "18752000", "netIncome": "12989000"}, {"fiscalDateEnding": "2021-06-30", "reportedCurrency": "USD", "grossProfit": "36575000", "totalRevenue": "38173000", "costOfRevenue": "1598000", "costofGoodsAndServicesSold": "1598000", "operatingIncome": "17488000", "sellingGeneralAndAdministrative": "11090000", "researchAndDevelopment": "None", "operatingExpenses": "19087000", "investmentIncomeNet": "None", "netInterestIncome": "28360000", "interestIncome": "29695000", "interestExpense": "1335000", "nonInterestIncome": "None", "otherNonOperatingIncome": "None", "depreciation": "None", "depreciationAndAmortization": "2001000", "incomeBeforeTax": "17488000", "incomeTaxExpense": "4209000", "interestAndDebtExpense": "None", "netIncomeFromContinuingOperations": "13279000", "comprehensiveIncomeNetOfTax": "None", "ebit": "17488000", "ebitda": "19489000", "netIncome": "13279000"}, {"fiscalDateEnding": "2021-03-31", "reportedCurrency": "USD", "grossProfit": "35411000", "totalRevenue": "36302000", "costOfRevenue": "891000", "costofGoodsAndServicesSold": "891000", "operatingIncome": "16733000", "sellingGeneralAndAdministrative": "11408000", "researchAndDevelopment": "None", "operatingExpenses": "18678000", "investmentIncomeNet": "None", "netInterestIncome": "26155000", "interestIncome": "27694000", "interestExpense": "1539000", "nonInterestIncome": "None", "otherNonOperatingIncome": "None", "depreciation": "None", "depreciationAndAmortization": "1951000", "incomeBeforeTax": "16733000", "incomeTaxExpense": "3453000", "interestAndDebtExpense": "None", "netIncomeFromContinuingOperations": "50636000", "comprehensiveIncomeNetOfTax": "None", "ebit": "16733000", "ebitda": "18684000", "netIncome": "13280000"}, {"fiscalDateEnding": "2020-12-31", "reportedCurrency": "USD", "grossProfit": "34321000", "totalRevenue": "37475000", "costOfRevenue": "3154000", "costofGoodsAndServicesSold": "3154000", "operatingIncome": "16129000", "sellingGeneralAndAdministrative": "13021000", "researchAndDevelopment": "None", "operatingExpenses": "18192000", "investmentIncomeNet": "None", "netInterestIncome": "26454000", "interestIncome": "28372000", "interestExpense": "1918000", "nonInterestIncome": "None", "otherNonOperatingIncome": "None", "depreciation": "None", "depreciationAndAmortization": "2198000", "incomeBeforeTax": "16129000", "incomeTaxExpense": "3634000", "interestAndDebtExpense": "None", "netIncomeFromContinuingOperations": "-92477000", "comprehensiveIncomeNetOfTax": "None", "ebit": "16129000", "ebitda": "18327000", "netIncome": "12495000"}, {"fiscalDateEnding": "2020-09-30", "reportedCurrency": "USD", "grossProfit": "31326000", "totalRevenue": "35993000", "costOfRevenue": "4667000", "costofGoodsAndServicesSold": "4667000", "operatingIncome": "13839000", "sellingGeneralAndAdministrative": "10717000", "researchAndDevelopment": "None", "operatingExpenses": "17487000", "investmentIncomeNet": "None", "netInterestIncome": "24900000", "interestIncome": "27296000", "interestExpense": "2396000", "nonInterestIncome": "None", "otherNonOperatingIncome": "None", "depreciation": "None", "depreciationAndAmortization": "1170000", "incomeBeforeTax": "13839000", "incomeTaxExpense": "2793000", "interestAndDebtExpense": "None", "netIncomeFromContinuingOperations": "46020000", "comprehensiveIncomeNetOfTax": "None", "ebit": "13839000", "ebitda": "15009000", "netIncome": "11046000"}, {"fiscalDateEnding": "2020-06-30", "reportedCurrency": "USD", "grossProfit": "28966000", "totalRevenue": "35166000", "costOfRevenue": "6200000", "costofGoodsAndServicesSold": "6200000", "operatingIncome": "11721000", "sellingGeneralAndAdministrative": "10454000", "researchAndDevelopment": "None", "operatingExpenses": "17245000", "investmentIncomeNet": "None", "netInterestIncome": "24842000", "interestIncome": "28002000", "interestExpense": "3160000", "nonInterestIncome": "None", "otherNonOperatingIncome": "None", "depreciation": "None", "depreciationAndAmortization": "1902000", "incomeBeforeTax": "11721000", "incomeTaxExpense": "2562000", "interestAndDebtExpense": "None", "netIncomeFromContinuingOperations": "43649000", "comprehensiveIncomeNetOfTax": "None", "ebit": "11721000", "ebitda": "13623000", "netIncome": "9159000"}, {"fiscalDateEnding": "2020-03-31", "reportedCurrency": "USD", "grossProfit": "27928000", "totalRevenue": "35920000", "costOfRevenue": "7992000", "costofGoodsAndServicesSold": "7992000", "operatingIncome": "10174000", "sellingGeneralAndAdministrative": "10602000", "researchAndDevelopment": "None", "operatingExpenses": "17754000", "investmentIncomeNet": "None", "netInterestIncome": "23006000", "interestIncome": "28226000", "interestExpense": "5220000", "nonInterestIncome": "None", "otherNonOperatingIncome": "None", "depreciation": "None", "depreciationAndAmortization": "1597000", "incomeBeforeTax": "10174000", "incomeTaxExpense": "2047000", "interestAndDebtExpense": "None", "netIncomeFromContinuingOperations": "43635000", "comprehensiveIncomeNetOfTax": "None", "ebit": "10174000", "ebitda": "11771000", "netIncome": "8127000"}, {"fiscalDateEnding": "2019-12-31", "reportedCurrency": "USD", "grossProfit": "29365000", "totalRevenue": "35448000", "costOfRevenue": "6083000", "costofGoodsAndServicesSold": "6083000", "operatingIncome": "12266000", "sellingGeneralAndAdministrative": "11439000", "researchAndDevelopment": "None", "operatingExpenses": "17099000", "investmentIncomeNet": "None", "netInterestIncome": "22918000", "interestIncome": "28367000", "interestExpense": "5449000", "nonInterestIncome": "None", "otherNonOperatingIncome": "None", "depreciation": "None", "depreciationAndAmortization": "1509000", "incomeBeforeTax": "12266000", "incomeTaxExpense": "2526000", "interestAndDebtExpense": "None", "netIncomeFromContinuingOperations": "9740000", "comprehensiveIncomeNetOfTax": "None", "ebit": "12266000", "ebitda": "13775000", "netIncome": "9740000"}, {"fiscalDateEnding": "2019-09-30", "reportedCurrency": "USD", "grossProfit": "29476000", "totalRevenue": "35643000", "costOfRevenue": "6167000", "costofGoodsAndServicesSold": "6167000", "operatingIncome": "12685000", "sellingGeneralAndAdministrative": "9535000", "researchAndDevelopment": "None", "operatingExpenses": "16791000", "investmentIncomeNet": "None", "netInterestIncome": "22303000", "interestIncome": "27952000", "interestExpense": "5649000", "nonInterestIncome": "None", "otherNonOperatingIncome": "None", "depreciation": "None", "depreciationAndAmortization": "1478000", "incomeBeforeTax": "12685000", "incomeTaxExpense": "2618000", "interestAndDebtExpense": "None", "netIncomeFromContinuingOperations": "10067000", "comprehensiveIncomeNetOfTax": "None", "ebit": "12685000", "ebitda": "14163000", "netIncome": "10067000"}, {"fiscalDateEnding": "2019-06-30", "reportedCurrency": "USD", "grossProfit": "28148000", "totalRevenue": "34123000", "costOfRevenue": "5975000", "costofGoodsAndServicesSold": "5975000", "operatingIncome": "11240000", "sellingGeneralAndAdministrative": "9939000", "researchAndDevelopment": "None", "operatingExpenses": "16908000", "investmentIncomeNet": "None", "netInterestIncome": "21707000", "interestIncome": "27227000", "interestExpense": "5520000", "nonInterestIncome": "None", "otherNonOperatingIncome": "None", "depreciation": "None", "depreciationAndAmortization": "1207000", "incomeBeforeTax": "11240000", "incomeTaxExpense": "2306000", "interestAndDebtExpense": "None", "netIncomeFromContinuingOperations": "8934000", "comprehensiveIncomeNetOfTax": "None", "ebit": "11240000", "ebitda": "12447000", "netIncome": "8934000"}, {"fiscalDateEnding": "2019-03-31", "reportedCurrency": "USD", "grossProfit": "27536000", "totalRevenue": "33100000", "costOfRevenue": "5564000", "costofGoodsAndServicesSold": "5564000", "operatingIncome": "10884000", "sellingGeneralAndAdministrative": "9531000", "researchAndDevelopment": "None", "operatingExpenses": "16652000", "investmentIncomeNet": "None", "netInterestIncome": "21121000", "interestIncome": "26213000", "interestExpense": "5092000", "nonInterestIncome": "None", "otherNonOperatingIncome": "None", "depreciation": "None", "depreciationAndAmortization": "1309000", "incomeBeforeTax": "10884000", "incomeTaxExpense": "2150000", "interestAndDebtExpense": "None", "netIncomeFromContinuingOperations": "8734000", "comprehensiveIncomeNetOfTax": "None", "ebit": "10884000", "ebitda": "12193000", "netIncome": "8734000"}, {"fiscalDateEnding": "2018-12-31", "reportedCurrency": "USD", "grossProfit": "27810000", "totalRevenue": "32799000", "costOfRevenue": "4989000", "costofGoodsAndServicesSold": "4989000", "operatingIncome": "10929000", "sellingGeneralAndAdministrative": "18346000", "researchAndDevelopment": "0", "operatingExpenses": "16881000", "investmentIncomeNet": "None", "netInterestIncome": "None", "interestIncome": "None", "interestExpense": "4343000", "nonInterestIncome": "None", "otherNonOperatingIncome": "None", "depreciation": "None", "depreciationAndAmortization": "1175000", "incomeBeforeTax": "10929000", "incomeTaxExpense": "2171000", "interestAndDebtExpense": "None", "netIncomeFromContinuingOperations": "8758000", "comprehensiveIncomeNetOfTax": "None", "ebit": "10929000", "ebitda": "12104000", "netIncome": "8758000"}, {"fiscalDateEnding": "2018-09-30", "reportedCurrency": "USD", "grossProfit": "27761000", "totalRevenue": "31845000", "costOfRevenue": "4084000", "costofGoodsAndServicesSold": "4084000", "operatingIncome": "11735000", "sellingGeneralAndAdministrative": "9989000", "researchAndDevelopment": "0", "operatingExpenses": "16026000", "investmentIncomeNet": "None", "netInterestIncome": "None", "interestIncome": "None", "interestExpense": "3498000", "nonInterestIncome": "None", "otherNonOperatingIncome": "None", "depreciation": "None", "depreciationAndAmortization": "1168000", "incomeBeforeTax": "11735000", "incomeTaxExpense": "2475000", "interestAndDebtExpense": "None", "netIncomeFromContinuingOperations": "9260000", "comprehensiveIncomeNetOfTax": "None", "ebit": "11735000", "ebitda": "12903000", "netIncome": "9260000"}, {"fiscalDateEnding": "2018-06-30", "reportedCurrency": "USD", "grossProfit": "28244000", "totalRevenue": "31501000", "costOfRevenue": "3257000", "costofGoodsAndServicesSold": "3257000", "operatingIncome": "12052000", "sellingGeneralAndAdministrative": "10035000", "researchAndDevelopment": "0", "operatingExpenses": "16192000", "investmentIncomeNet": "None", "netInterestIncome": "None", "interestIncome": "None", "interestExpense": "2628000", "nonInterestIncome": "None", "otherNonOperatingIncome": "None", "depreciation": "None", "depreciationAndAmortization": "1209000", "incomeBeforeTax": "12052000", "incomeTaxExpense": "2322000", "interestAndDebtExpense": "None", "netIncomeFromContinuingOperations": "9730000", "comprehensiveIncomeNetOfTax": "None", "ebit": "12052000", "ebitda": "13261000", "netIncome": "9730000"}, {"fiscalDateEnding": "2018-03-31", "reportedCurrency": "USD", "grossProfit": "26545000", "totalRevenue": "29307000", "costOfRevenue": "2762000", "costofGoodsAndServicesSold": "2762000", "operatingIncome": "10589000", "sellingGeneralAndAdministrative": "9586000", "researchAndDevelopment": "0", "operatingExpenses": "15956000", "investmentIncomeNet": "None", "netInterestIncome": "None", "interestIncome": "None", "interestExpense": "2016000", "nonInterestIncome": "None", "otherNonOperatingIncome": "None", "depreciation": "None", "depreciationAndAmortization": "1199000", "incomeBeforeTax": "10589000", "incomeTaxExpense": "2058000", "interestAndDebtExpense": "None", "netIncomeFromContinuingOperations": "8531000", "comprehensiveIncomeNetOfTax": "None", "ebit": "10589000", "ebitda": "11788000", "netIncome": "8531000"}, {"fiscalDateEnding": "2017-12-31", "reportedCurrency": "USD", "grossProfit": "25909000", "totalRevenue": "28887000", "costOfRevenue": "2978000", "costofGoodsAndServicesSold": "2978000", "operatingIncome": "9865000", "sellingGeneralAndAdministrative": "17648000", "researchAndDevelopment": "0", "operatingExpenses": "16044000", "investmentIncomeNet": "None", "netInterestIncome": "None", "interestIncome": "None", "interestExpense": "1822000", "nonInterestIncome": "None", "otherNonOperatingIncome": "None", "depreciation": "None", "depreciationAndAmortization": "1151000", "incomeBeforeTax": "9865000", "incomeTaxExpense": "1794000", "interestAndDebtExpense": "None", "netIncomeFromContinuingOperations": "8071000", "comprehensiveIncomeNetOfTax": "None", "ebit": "9865000", "ebitda": "11016000", "netIncome": "8071000"}, {"fiscalDateEnding": "2017-09-30", "reportedCurrency": "USD", "grossProfit": "25991000", "totalRevenue": "28740000", "costOfRevenue": "2749000", "costofGoodsAndServicesSold": "2749000", "operatingIncome": "10443000", "sellingGeneralAndAdministrative": "9607000", "researchAndDevelopment": "0", "operatingExpenses": "15548000", "investmentIncomeNet": "None", "netInterestIncome": "None", "interestIncome": "None", "interestExpense": "1949000", "nonInterestIncome": "None", "otherNonOperatingIncome": "None", "depreciation": "None", "depreciationAndAmortization": "1259000", "incomeBeforeTax": "10443000", "incomeTaxExpense": "3027000", "interestAndDebtExpense": "None", "netIncomeFromContinuingOperations": "7416000", "comprehensiveIncomeNetOfTax": "None", "ebit": "10443000", "ebitda": "11702000", "netIncome": "7416000"}, {"fiscalDateEnding": "2017-06-30", "reportedCurrency": "USD", "grossProfit": "25862000", "totalRevenue": "27983000", "costOfRevenue": "2121000", "costofGoodsAndServicesSold": "2121000", "operatingIncome": "10225000", "sellingGeneralAndAdministrative": "9439000", "researchAndDevelopment": "0", "operatingExpenses": "15637000", "investmentIncomeNet": "None", "netInterestIncome": "None", "interestIncome": "None", "interestExpense": "1699000", "nonInterestIncome": "None", "otherNonOperatingIncome": "None", "depreciation": "None", "depreciationAndAmortization": "1464000", "incomeBeforeTax": "10225000", "incomeTaxExpense": "3017000", "interestAndDebtExpense": "None", "netIncomeFromContinuingOperations": "7208000", "comprehensiveIncomeNetOfTax": "None", "ebit": "10225000", "ebitda": "11689000", "netIncome": "7208000"}, {"fiscalDateEnding": "2017-03-31", "reportedCurrency": "USD", "grossProfit": "24798000", "totalRevenue": "26692000", "costOfRevenue": "1894000", "costofGoodsAndServicesSold": "1894000", "operatingIncome": "9323000", "sellingGeneralAndAdministrative": "9373000", "researchAndDevelopment": "0", "operatingExpenses": "15475000", "investmentIncomeNet": "None", "netInterestIncome": "None", "interestIncome": "None", "interestExpense": "1536000", "nonInterestIncome": "None", "otherNonOperatingIncome": "None", "depreciation": "None", "depreciationAndAmortization": "1524000", "incomeBeforeTax": "9323000", "incomeTaxExpense": "2692000", "interestAndDebtExpense": "None", "netIncomeFromContinuingOperations": "6631000", "comprehensiveIncomeNetOfTax": "None", "ebit": "9323000", "ebitda": "10847000", "netIncome": "6631000"}, {"fiscalDateEnding": "2016-12-31", "reportedCurrency": "USD", "grossProfit": "24531000", "totalRevenue": "26418000", "costOfRevenue": "1887000", "costofGoodsAndServicesSold": "1887000", "operatingIncome": "9259000", "sellingGeneralAndAdministrative": "16864000", "researchAndDevelopment": "0", "operatingExpenses": "15272000", "investmentIncomeNet": "None", "netInterestIncome": "None", "interestIncome": "None", "interestExpense": "1404000", "nonInterestIncome": "None", "otherNonOperatingIncome": "None", "depreciation": "None", "depreciationAndAmortization": "1335000", "incomeBeforeTax": "9259000", "incomeTaxExpense": "2659000", "interestAndDebtExpense": "None", "netIncomeFromContinuingOperations": "6600000", "comprehensiveIncomeNetOfTax": "None", "ebit": "9259000", "ebitda": "10594000", "netIncome": "6600000"}, {"fiscalDateEnding": "2016-09-30", "reportedCurrency": "USD", "grossProfit": "24511000", "totalRevenue": "26396000", "costOfRevenue": "1885000", "costofGoodsAndServicesSold": "1885000", "operatingIncome": "9429000", "sellingGeneralAndAdministrative": "8910000", "researchAndDevelopment": "0", "operatingExpenses": "15082000", "investmentIncomeNet": "None", "netInterestIncome": "None", "interestIncome": "None", "interestExpense": "1405000", "nonInterestIncome": "None", "otherNonOperatingIncome": "None", "depreciation": "None", "depreciationAndAmortization": "1491000", "incomeBeforeTax": "9429000", "incomeTaxExpense": "2691000", "interestAndDebtExpense": "None", "netIncomeFromContinuingOperations": "6738000", "comprehensiveIncomeNetOfTax": "None", "ebit": "9429000", "ebitda": "10920000", "netIncome": "6738000"}, {"fiscalDateEnding": "2016-06-30", "reportedCurrency": "USD", "grossProfit": "24478000", "totalRevenue": "26431000", "costOfRevenue": "1953000", "costofGoodsAndServicesSold": "1953000", "operatingIncome": "9594000", "sellingGeneralAndAdministrative": "8722000", "researchAndDevelopment": "0", "operatingExpenses": "14884000", "investmentIncomeNet": "None", "netInterestIncome": "None", "interestIncome": "None", "interestExpense": "1284000", "nonInterestIncome": "None", "otherNonOperatingIncome": "None", "depreciation": "None", "depreciationAndAmortization": "1538000", "incomeBeforeTax": "9594000", "incomeTaxExpense": "2947000", "interestAndDebtExpense": "None", "netIncomeFromContinuingOperations": "6647000", "comprehensiveIncomeNetOfTax": "None", "ebit": "9594000", "ebitda": "11132000", "netIncome": "6647000"}, {"fiscalDateEnding": "2016-03-31", "reportedCurrency": "USD", "grossProfit": "23837000", "totalRevenue": "25501000", "costOfRevenue": "1664000", "costofGoodsAndServicesSold": "1664000", "operatingIncome": "9467000", "sellingGeneralAndAdministrative": "8435000", "researchAndDevelopment": "0", "operatingExpenses": "14370000", "investmentIncomeNet": "None", "netInterestIncome": "None", "interestIncome": "None", "interestExpense": "1263000", "nonInterestIncome": "None", "otherNonOperatingIncome": "None", "depreciation": "None", "depreciationAndAmortization": "1576000", "incomeBeforeTax": "9467000", "incomeTaxExpense": "2918000", "interestAndDebtExpense": "None", "netIncomeFromContinuingOperations": "6549000", "comprehensiveIncomeNetOfTax": "None", "ebit": "9467000", "ebitda": "11043000", "netIncome": "6549000"}, {"fiscalDateEnding": "2015-12-31", "reportedCurrency": "USD", "grossProfit": "23501000", "totalRevenue": "25197000", "costOfRevenue": "1696000", "costofGoodsAndServicesSold": "1696000", "operatingIncome": "9259000", "sellingGeneralAndAdministrative": "15387000", "researchAndDevelopment": "0", "operatingExpenses": "14242000", "investmentIncomeNet": "None", "netInterestIncome": "None", "interestIncome": "None", "interestExpense": "1231000", "nonInterestIncome": "None", "otherNonOperatingIncome": "None", "depreciation": "None", "depreciationAndAmortization": "1449000", "incomeBeforeTax": "9259000", "incomeTaxExpense": "2690000", "interestAndDebtExpense": "None", "netIncomeFromContinuingOperations": "6569000", "comprehensiveIncomeNetOfTax": "None", "ebit": "9259000", "ebitda": "10708000", "netIncome": "6569000"}, {"fiscalDateEnding": "2015-09-30", "reportedCurrency": "USD", "grossProfit": "23178000", "totalRevenue": "24968000", "costOfRevenue": "1790000", "costofGoodsAndServicesSold": "1790000", "operatingIncome": "8328000", "sellingGeneralAndAdministrative": "8996000", "researchAndDevelopment": "0", "operatingExpenses": "14850000", "investmentIncomeNet": "None", "netInterestIncome": "None", "interestIncome": "None", "interestExpense": "1253000", "nonInterestIncome": "None", "otherNonOperatingIncome": "None", "depreciation": "None", "depreciationAndAmortization": "1578000", "incomeBeforeTax": "8328000", "incomeTaxExpense": "2395000", "interestAndDebtExpense": "None", "netIncomeFromContinuingOperations": "5933000", "comprehensiveIncomeNetOfTax": "None", "ebit": "8328000", "ebitda": "9906000", "netIncome": "5933000"}, {"fiscalDateEnding": "2015-06-30", "reportedCurrency": "USD", "grossProfit": "23538000", "totalRevenue": "24851000", "costOfRevenue": "1313000", "costofGoodsAndServicesSold": "1313000", "operatingIncome": "9155000", "sellingGeneralAndAdministrative": "8482000", "researchAndDevelopment": "0", "operatingExpenses": "14383000", "investmentIncomeNet": "None", "netInterestIncome": "None", "interestIncome": "None", "interestExpense": "1243000", "nonInterestIncome": "None", "otherNonOperatingIncome": "None", "depreciation": "None", "depreciationAndAmortization": "1640000", "incomeBeforeTax": "9155000", "incomeTaxExpense": "2850000", "interestAndDebtExpense": "None", "netIncomeFromContinuingOperations": "6305000", "comprehensiveIncomeNetOfTax": "None", "ebit": "9155000", "ebitda": "10795000", "netIncome": "6305000"}, {"fiscalDateEnding": "2015-03-31", "reportedCurrency": "USD", "grossProfit": "22485000", "totalRevenue": "23846000", "costOfRevenue": "1361000", "costofGoodsAndServicesSold": "1361000", "operatingIncome": "8530000", "sellingGeneralAndAdministrative": "7972000", "researchAndDevelopment": "0", "operatingExpenses": "13955000", "investmentIncomeNet": "None", "netInterestIncome": "None", "interestIncome": "None", "interestExpense": "1086000", "nonInterestIncome": "None", "otherNonOperatingIncome": "None", "depreciation": "None", "depreciationAndAmortization": "1626000", "incomeBeforeTax": "8530000", "incomeTaxExpense": "2675000", "interestAndDebtExpense": "None", "netIncomeFromContinuingOperations": "5855000", "comprehensiveIncomeNetOfTax": "None", "ebit": "8530000", "ebitda": "10156000", "netIncome": "5855000"}, {"fiscalDateEnding": "2014-12-31", "reportedCurrency": "USD", "grossProfit": "22540000", "totalRevenue": "24200000", "costOfRevenue": "1660000", "costofGoodsAndServicesSold": "1660000", "operatingIncome": "9241000", "sellingGeneralAndAdministrative": "14267000", "researchAndDevelopment": "0", "operatingExpenses": "13299000", "investmentIncomeNet": "None", "netInterestIncome": "None", "interestIncome": "None", "interestExpense": "1219000", "nonInterestIncome": "None", "otherNonOperatingIncome": "None", "depreciation": "None", "depreciationAndAmortization": "1420000", "incomeBeforeTax": "9241000", "incomeTaxExpense": "2872000", "interestAndDebtExpense": "None", "netIncomeFromContinuingOperations": "6369000", "comprehensiveIncomeNetOfTax": "None", "ebit": "9241000", "ebitda": "10661000", "netIncome": "6369000"}, {"fiscalDateEnding": "2014-09-30", "reportedCurrency": "USD", "grossProfit": "22268000", "totalRevenue": "24111000", "costOfRevenue": "1843000", "costofGoodsAndServicesSold": "1843000", "operatingIncome": "8742000", "sellingGeneralAndAdministrative": "8054000", "researchAndDevelopment": "0", "operatingExpenses": "13526000", "investmentIncomeNet": "None", "netInterestIncome": "None", "interestIncome": "None", "interestExpense": "1399000", "nonInterestIncome": "None", "otherNonOperatingIncome": "None", "depreciation": "None", "depreciationAndAmortization": "1768000", "incomeBeforeTax": "8742000", "incomeTaxExpense": "2595000", "interestAndDebtExpense": "None", "netIncomeFromContinuingOperations": "6147000", "comprehensiveIncomeNetOfTax": "None", "ebit": "8742000", "ebitda": "10510000", "netIncome": "6147000"}, {"fiscalDateEnding": "2014-06-30", "reportedCurrency": "USD", "grossProfit": "21654000", "totalRevenue": "23714000", "costOfRevenue": "2060000", "costofGoodsAndServicesSold": "2060000", "operatingIncome": "7917000", "sellingGeneralAndAdministrative": "8162000", "researchAndDevelopment": "0", "operatingExpenses": "13737000", "investmentIncomeNet": "None", "netInterestIncome": "None", "interestIncome": "None", "interestExpense": "1555000", "nonInterestIncome": "None", "otherNonOperatingIncome": "None", "depreciation": "None", "depreciationAndAmortization": "1889000", "incomeBeforeTax": "7917000", "incomeTaxExpense": "2393000", "interestAndDebtExpense": "None", "netIncomeFromContinuingOperations": "5524000", "comprehensiveIncomeNetOfTax": "None", "ebit": "7917000", "ebitda": "9806000", "netIncome": "5524000"}, {"fiscalDateEnding": "2014-03-31", "reportedCurrency": "USD", "grossProfit": "21100000", "totalRevenue": "23152000", "costOfRevenue": "2052000", "costofGoodsAndServicesSold": "2052000", "operatingIncome": "7634000", "sellingGeneralAndAdministrative": "7915000", "researchAndDevelopment": "0", "operatingExpenses": "13466000", "investmentIncomeNet": "None", "netInterestIncome": "None", "interestIncome": "None", "interestExpense": "1594000", "nonInterestIncome": "None", "otherNonOperatingIncome": "None", "depreciation": "None", "depreciationAndAmortization": "1965000", "incomeBeforeTax": "7634000", "incomeTaxExpense": "2314000", "interestAndDebtExpense": "None", "netIncomeFromContinuingOperations": "5320000", "comprehensiveIncomeNetOfTax": "None", "ebit": "7634000", "ebitda": "9599000", "netIncome": "5320000"}, {"fiscalDateEnding": "2013-12-31", "reportedCurrency": "USD", "grossProfit": "21623000", "totalRevenue": "23336000", "costOfRevenue": "1713000", "costofGoodsAndServicesSold": "1713000", "operatingIncome": "8238000", "sellingGeneralAndAdministrative": "14364000", "researchAndDevelopment": "0", "operatingExpenses": "13385000", "investmentIncomeNet": "None", "netInterestIncome": "None", "interestIncome": "None", "interestExpense": "1713000", "nonInterestIncome": "None", "otherNonOperatingIncome": "None", "depreciation": "None", "depreciationAndAmortization": "1962000", "incomeBeforeTax": "8238000", "incomeTaxExpense": "2454000", "interestAndDebtExpense": "None", "netIncomeFromContinuingOperations": "5784000", "comprehensiveIncomeNetOfTax": "None", "ebit": "8238000", "ebitda": "10200000", "netIncome": "5784000"}, {"fiscalDateEnding": "2013-09-30", "reportedCurrency": "USD", "grossProfit": "21066000", "totalRevenue": "22813000", "costOfRevenue": "1747000", "costofGoodsAndServicesSold": "1747000", "operatingIncome": "7933000", "sellingGeneralAndAdministrative": "8125000", "researchAndDevelopment": "0", "operatingExpenses": "13133000", "investmentIncomeNet": "None", "netInterestIncome": "None", "interestIncome": "None", "interestExpense": "1747000", "nonInterestIncome": "None", "otherNonOperatingIncome": "None", "depreciation": "None", "depreciationAndAmortization": "2123000", "incomeBeforeTax": "7933000", "incomeTaxExpense": "2310000", "interestAndDebtExpense": "None", "netIncomeFromContinuingOperations": "5623000", "comprehensiveIncomeNetOfTax": "None", "ebit": "7933000", "ebitda": "10056000", "netIncome": "5623000"}, {"fiscalDateEnding": "2013-06-30", "reportedCurrency": "USD", "grossProfit": "20557000", "totalRevenue": "22880000", "costOfRevenue": "2323000", "costofGoodsAndServicesSold": "2323000", "operatingIncome": "7283000", "sellingGeneralAndAdministrative": "7904000", "researchAndDevelopment": "0", "operatingExpenses": "13274000", "investmentIncomeNet": "None", "netInterestIncome": "None", "interestIncome": "None", "interestExpense": "2223000", "nonInterestIncome": "None", "otherNonOperatingIncome": "None", "depreciation": "None", "depreciationAndAmortization": "2412000", "incomeBeforeTax": "7283000", "incomeTaxExpense": "2076000", "interestAndDebtExpense": "None", "netIncomeFromContinuingOperations": "5207000", "comprehensiveIncomeNetOfTax": "None", "ebit": "7283000", "ebitda": "9695000", "netIncome": "5207000"}, {"fiscalDateEnding": "2013-03-31", "reportedCurrency": "USD", "grossProfit": "20831000", "totalRevenue": "23170000", "costOfRevenue": "2339000", "costofGoodsAndServicesSold": "2339000", "operatingIncome": "7420000", "sellingGeneralAndAdministrative": "7885000", "researchAndDevelopment": "0", "operatingExpenses": "13411000", "investmentIncomeNet": "None", "netInterestIncome": "None", "interestIncome": "None", "interestExpense": "2239000", "nonInterestIncome": "None", "otherNonOperatingIncome": "None", "depreciation": "None", "depreciationAndAmortization": "2373000", "incomeBeforeTax": "7420000", "incomeTaxExpense": "2239000", "interestAndDebtExpense": "None", "netIncomeFromContinuingOperations": "5181000", "comprehensiveIncomeNetOfTax": "None", "ebit": "7420000", "ebitda": "9793000", "netIncome": "5181000"}, {"fiscalDateEnding": "2012-12-31", "reportedCurrency": "USD", "grossProfit": "20959000", "totalRevenue": "23637000", "costOfRevenue": "2678000", "costofGoodsAndServicesSold": "2678000", "operatingIncome": "7842000", "sellingGeneralAndAdministrative": "13388000", "researchAndDevelopment": "0", "operatingExpenses": "13117000", "investmentIncomeNet": "None", "netInterestIncome": "None", "interestIncome": "None", "interestExpense": "2503000", "nonInterestIncome": "None", "otherNonOperatingIncome": "None", "depreciation": "None", "depreciationAndAmortization": "2301000", "incomeBeforeTax": "7842000", "incomeTaxExpense": "2293000", "interestAndDebtExpense": "None", "netIncomeFromContinuingOperations": "5549000", "comprehensiveIncomeNetOfTax": "None", "ebit": "7842000", "ebitda": "10143000", "netIncome": "5549000"}, {"fiscalDateEnding": "2012-09-30", "reportedCurrency": "USD", "grossProfit": "21210000", "totalRevenue": "24003000", "costOfRevenue": "2793000", "costofGoodsAndServicesSold": "2793000", "operatingIncome": "8288000", "sellingGeneralAndAdministrative": "8219000", "researchAndDevelopment": "0", "operatingExpenses": "12922000", "investmentIncomeNet": "None", "netInterestIncome": "None", "interestIncome": "None", "interestExpense": "2643000", "nonInterestIncome": "None", "otherNonOperatingIncome": "None", "depreciation": "None", "depreciationAndAmortization": "2192000", "incomeBeforeTax": "8288000", "incomeTaxExpense": "2540000", "interestAndDebtExpense": "None", "netIncomeFromContinuingOperations": "5748000", "comprehensiveIncomeNetOfTax": "None", "ebit": "8288000", "ebitda": "10480000", "netIncome": "5748000"}, {"fiscalDateEnding": "2012-06-30", "reportedCurrency": "USD", "grossProfit": "20822000", "totalRevenue": "24341000", "costOfRevenue": "3519000", "costofGoodsAndServicesSold": "3519000", "operatingIncome": "8171000", "sellingGeneralAndAdministrative": "8050000", "researchAndDevelopment": "0", "operatingExpenses": "12651000", "investmentIncomeNet": "None", "netInterestIncome": "None", "interestIncome": "None", "interestExpense": "3279000", "nonInterestIncome": "None", "otherNonOperatingIncome": "None", "depreciation": "None", "depreciationAndAmortization": "2320000", "incomeBeforeTax": "8171000", "incomeTaxExpense": "2577000", "interestAndDebtExpense": "None", "netIncomeFromContinuingOperations": "5594000", "comprehensiveIncomeNetOfTax": "None", "ebit": "8171000", "ebitda": "10491000", "netIncome": "5594000"}, {"fiscalDateEnding": "2012-03-31", "reportedCurrency": "USD", "grossProfit": "20685000", "totalRevenue": "24497000", "costOfRevenue": "3812000", "costofGoodsAndServicesSold": "3812000", "operatingIncome": "7539000", "sellingGeneralAndAdministrative": "8158000", "researchAndDevelopment": "0", "operatingExpenses": "13146000", "investmentIncomeNet": "None", "netInterestIncome": "None", "interestIncome": "None", "interestExpense": "3532000", "nonInterestIncome": "None", "otherNonOperatingIncome": "None", "depreciation": "None", "depreciationAndAmortization": "2043000", "incomeBeforeTax": "7539000", "incomeTaxExpense": "2251000", "interestAndDebtExpense": "None", "netIncomeFromContinuingOperations": "5288000", "comprehensiveIncomeNetOfTax": "None", "ebit": "7539000", "ebitda": "9582000", "netIncome": "5288000"}, {"fiscalDateEnding": "2011-12-31", "reportedCurrency": "USD", "grossProfit": "20244000", "totalRevenue": "24546000", "costOfRevenue": "4302000", "costofGoodsAndServicesSold": "4302000", "operatingIncome": "7789000", "sellingGeneralAndAdministrative": "8095000", "researchAndDevelopment": "0", "operatingExpenses": "12455000", "investmentIncomeNet": "None", "netInterestIncome": "None", "interestIncome": "None", "interestExpense": "4022000", "nonInterestIncome": "None", "otherNonOperatingIncome": "None", "depreciation": "None", "depreciationAndAmortization": "1909000", "incomeBeforeTax": "7789000", "incomeTaxExpense": "2358000", "interestAndDebtExpense": "None", "netIncomeFromContinuingOperations": "0", "comprehensiveIncomeNetOfTax": "None", "ebit": "7789000", "ebitda": "9698000", "netIncome": "5431000"}, {"fiscalDateEnding": "2011-09-30", "reportedCurrency": "USD", "grossProfit": "22358000", "totalRevenue": "26878000", "costOfRevenue": "4520000", "costofGoodsAndServicesSold": "4520000", "operatingIncome": "7755000", "sellingGeneralAndAdministrative": "8187000", "researchAndDevelopment": "0", "operatingExpenses": "14603000", "investmentIncomeNet": "None", "netInterestIncome": "None", "interestIncome": "None", "interestExpense": "4345000", "nonInterestIncome": "None", "otherNonOperatingIncome": "22000", "depreciation": "None", "depreciationAndAmortization": "1655000", "incomeBeforeTax": "7755000", "incomeTaxExpense": "2383000", "interestAndDebtExpense": "None", "netIncomeFromContinuingOperations": "19728000", "comprehensiveIncomeNetOfTax": "None", "ebit": "7755000", "ebitda": "9410000", "netIncome": "5372000"}, {"fiscalDateEnding": "2011-06-30", "reportedCurrency": "USD", "grossProfit": "20639000", "totalRevenue": "25784000", "costOfRevenue": "5145000", "costofGoodsAndServicesSold": "5145000", "operatingIncome": "8468000", "sellingGeneralAndAdministrative": "7500000", "researchAndDevelopment": "0", "operatingExpenses": "12171000", "investmentIncomeNet": "None", "netInterestIncome": "None", "interestIncome": "None", "interestExpense": "4975000", "nonInterestIncome": "None", "otherNonOperatingIncome": "22000", "depreciation": "None", "depreciationAndAmortization": "1536000", "incomeBeforeTax": "8468000", "incomeTaxExpense": "2619000", "interestAndDebtExpense": "None", "netIncomeFromContinuingOperations": "12401000", "comprehensiveIncomeNetOfTax": "None", "ebit": "8468000", "ebitda": "10004000", "netIncome": "5849000"}, {"fiscalDateEnding": "2011-03-31", "reportedCurrency": "USD", "grossProfit": "19954000", "totalRevenue": "25511000", "costOfRevenue": "5557000", "costofGoodsAndServicesSold": "5557000", "operatingIncome": "7635000", "sellingGeneralAndAdministrative": "7715000", "researchAndDevelopment": "0", "operatingExpenses": "12319000", "investmentIncomeNet": "None", "netInterestIncome": "None", "interestIncome": "None", "interestExpense": "5337000", "nonInterestIncome": "None", "otherNonOperatingIncome": "None", "depreciation": "None", "depreciationAndAmortization": "1409000", "incomeBeforeTax": "7635000", "incomeTaxExpense": "2354000", "interestAndDebtExpense": "None", "netIncomeFromContinuingOperations": "0", "comprehensiveIncomeNetOfTax": "None", "ebit": "7635000", "ebitda": "9044000", "netIncome": "5281000"}, {"fiscalDateEnding": "2010-12-31", "reportedCurrency": "USD", "grossProfit": "19304000", "totalRevenue": "25384000", "costOfRevenue": "6080000", "costofGoodsAndServicesSold": "6080000", "operatingIncome": "7534000", "sellingGeneralAndAdministrative": "6777000", "researchAndDevelopment": "0", "operatingExpenses": "11770000", "investmentIncomeNet": "None", "netInterestIncome": "None", "interestIncome": "None", "interestExpense": "5903000", "nonInterestIncome": "None", "otherNonOperatingIncome": "None", "depreciation": "None", "depreciationAndAmortization": "997000", "incomeBeforeTax": "7534000", "incomeTaxExpense": "2346000", "interestAndDebtExpense": "None", "netIncomeFromContinuingOperations": "0", "comprehensiveIncomeNetOfTax": "None", "ebit": "7534000", "ebitda": "8531000", "netIncome": "5188000"}, {"fiscalDateEnding": "2010-09-30", "reportedCurrency": "USD", "grossProfit": "20098000", "totalRevenue": "26302000", "costOfRevenue": "6204000", "costofGoodsAndServicesSold": "6204000", "operatingIncome": "7992000", "sellingGeneralAndAdministrative": "7606000", "researchAndDevelopment": "0", "operatingExpenses": "12106000", "investmentIncomeNet": "None", "netInterestIncome": "None", "interestIncome": "None", "interestExpense": "5829000", "nonInterestIncome": "None", "otherNonOperatingIncome": "None", "depreciation": "None", "depreciationAndAmortization": "866000", "incomeBeforeTax": "7992000", "incomeTaxExpense": "2417000", "interestAndDebtExpense": "None", "netIncomeFromContinuingOperations": "0", "comprehensiveIncomeNetOfTax": "None", "ebit": "7992000", "ebitda": "8858000", "netIncome": "5575000"}, {"fiscalDateEnding": "2010-06-30", "reportedCurrency": "USD", "grossProfit": "20308000", "totalRevenue": "26706000", "costOfRevenue": "6398000", "costofGoodsAndServicesSold": "6398000", "operatingIncome": "8306000", "sellingGeneralAndAdministrative": "7545000", "researchAndDevelopment": "0", "operatingExpenses": "12002000", "investmentIncomeNet": "None", "netInterestIncome": "None", "interestIncome": "None", "interestExpense": "6023000", "nonInterestIncome": "None", "otherNonOperatingIncome": "None", "depreciation": "None", "depreciationAndAmortization": "514000", "incomeBeforeTax": "8306000", "incomeTaxExpense": "2592000", "interestAndDebtExpense": "None", "netIncomeFromContinuingOperations": "0", "comprehensiveIncomeNetOfTax": "None", "ebit": "8306000", "ebitda": "8820000", "netIncome": "5714000"}, {"fiscalDateEnding": "2010-03-31", "reportedCurrency": "USD", "grossProfit": "19354000", "totalRevenue": "25669000", "costOfRevenue": "6315000", "costofGoodsAndServicesSold": "6315000", "operatingIncome": "7814000", "sellingGeneralAndAdministrative": "7096000", "researchAndDevelopment": "0", "operatingExpenses": "11540000", "investmentIncomeNet": "None", "netInterestIncome": "None", "interestIncome": "None", "interestExpense": "5940000", "nonInterestIncome": "None", "otherNonOperatingIncome": "None", "depreciation": "None", "depreciationAndAmortization": "1186000", "incomeBeforeTax": "7814000", "incomeTaxExpense": "2399000", "interestAndDebtExpense": "None", "netIncomeFromContinuingOperations": "0", "comprehensiveIncomeNetOfTax": "None", "ebit": "7814000", "ebitda": "9000000", "netIncome": "5415000"}, {"fiscalDateEnding": "2009-12-31", "reportedCurrency": "USD", "grossProfit": "19392000", "totalRevenue": "26349000", "costOfRevenue": "6957000", "costofGoodsAndServicesSold": "6957000", "operatingIncome": "7318000", "sellingGeneralAndAdministrative": "7122000", "researchAndDevelopment": "0", "operatingExpenses": "12074000", "investmentIncomeNet": "None", "netInterestIncome": "None", "interestIncome": "None", "interestExpense": "6522000", "nonInterestIncome": "None", "otherNonOperatingIncome": "None", "depreciation": "None", "depreciationAndAmortization": "660000", "incomeBeforeTax": "7318000", "incomeTaxExpense": "2201000", "interestAndDebtExpense": "None", "netIncomeFromContinuingOperations": "0", "comprehensiveIncomeNetOfTax": "None", "ebit": "7318000", "ebitda": "7978000", "netIncome": "5117000"}, {"fiscalDateEnding": "2009-09-30", "reportedCurrency": "USD", "grossProfit": "18751000", "totalRevenue": "25640000", "costOfRevenue": "6889000", "costofGoodsAndServicesSold": "6889000", "operatingIncome": "7350000", "sellingGeneralAndAdministrative": "6727000", "researchAndDevelopment": "0", "operatingExpenses": "11401000", "investmentIncomeNet": "None", "netInterestIncome": "None", "interestIncome": "None", "interestExpense": "6462000", "nonInterestIncome": "None", "otherNonOperatingIncome": "None", "depreciation": "None", "depreciationAndAmortization": "750000", "incomeBeforeTax": "7350000", "incomeTaxExpense": "2288000", "interestAndDebtExpense": "None", "netIncomeFromContinuingOperations": "0", "comprehensiveIncomeNetOfTax": "None", "ebit": "7350000", "ebitda": "8100000", "netIncome": "5062000"}, {"fiscalDateEnding": "2009-06-30", "reportedCurrency": "USD", "grossProfit": "18944000", "totalRevenue": "26079000", "costOfRevenue": "7135000", "costofGoodsAndServicesSold": "7135000", "operatingIncome": "7091000", "sellingGeneralAndAdministrative": "6615000", "researchAndDevelopment": "0", "operatingExpenses": "11853000", "investmentIncomeNet": "None", "netInterestIncome": "None", "interestIncome": "None", "interestExpense": "6716000", "nonInterestIncome": "None", "otherNonOperatingIncome": "None", "depreciation": "None", "depreciationAndAmortization": "715000", "incomeBeforeTax": "7091000", "incomeTaxExpense": "2160000", "interestAndDebtExpense": "None", "netIncomeFromContinuingOperations": "0", "comprehensiveIncomeNetOfTax": "None", "ebit": "7091000", "ebitda": "7806000", "netIncome": "4931000"}, {"fiscalDateEnding": "2009-03-31", "reportedCurrency": "USD", "grossProfit": "21196000", "totalRevenue": "28490000", "costOfRevenue": "7294000", "costofGoodsAndServicesSold": "7294000", "operatingIncome": "9823000", "sellingGeneralAndAdministrative": "6578000", "researchAndDevelopment": "0", "operatingExpenses": "11373000", "investmentIncomeNet": "None", "netInterestIncome": "None", "interestIncome": "None", "interestExpense": "6792000", "nonInterestIncome": "None", "otherNonOperatingIncome": "None", "depreciation": "None", "depreciationAndAmortization": "688000", "incomeBeforeTax": "9823000", "incomeTaxExpense": "3141000", "interestAndDebtExpense": "None", "netIncomeFromContinuingOperations": "0", "comprehensiveIncomeNetOfTax": "None", "ebit": "9823000", "ebitda": "10511000", "netIncome": "6682000"}, {"fiscalDateEnding": "2008-12-31", "reportedCurrency": "USD", "grossProfit": "17241000", "totalRevenue": "25662000", "costOfRevenue": "8421000", "costofGoodsAndServicesSold": "8421000", "operatingIncome": "7177000", "sellingGeneralAndAdministrative": "6640000", "researchAndDevelopment": "0", "operatingExpenses": "10064000", "investmentIncomeNet": "None", "netInterestIncome": "None", "interestIncome": "None", "interestExpense": "7541000", "nonInterestIncome": "None", "otherNonOperatingIncome": "None", "depreciation": "None", "depreciationAndAmortization": "534000", "incomeBeforeTax": "7177000", "incomeTaxExpense": "2165000", "interestAndDebtExpense": "None", "netIncomeFromContinuingOperations": "0", "comprehensiveIncomeNetOfTax": "None", "ebit": "7177000", "ebitda": "7711000", "netIncome": "5012000"}, {"fiscalDateEnding": "2008-09-30", "reportedCurrency": "USD", "grossProfit": "18948000", "totalRevenue": "26891000", "costOfRevenue": "7943000", "costofGoodsAndServicesSold": "7943000", "operatingIncome": "7206000", "sellingGeneralAndAdministrative": "5883000", "researchAndDevelopment": "0", "operatingExpenses": "11742000", "investmentIncomeNet": "None", "netInterestIncome": "None", "interestIncome": "None", "interestExpense": "7690000", "nonInterestIncome": "None", "otherNonOperatingIncome": "None", "depreciation": "None", "depreciationAndAmortization": "679000", "incomeBeforeTax": "7206000", "incomeTaxExpense": "2198000", "interestAndDebtExpense": "None", "netIncomeFromContinuingOperations": "0", "comprehensiveIncomeNetOfTax": "None", "ebit": "7206000", "ebitda": "7885000", "netIncome": "5008000"}, {"fiscalDateEnding": "2008-06-30", "reportedCurrency": "USD", "grossProfit": "18297000", "totalRevenue": "26296000", "costOfRevenue": "7999000", "costofGoodsAndServicesSold": "7999000", "operatingIncome": "7888000", "sellingGeneralAndAdministrative": "5996000", "researchAndDevelopment": "0", "operatingExpenses": "10409000", "investmentIncomeNet": "None", "netInterestIncome": "None", "interestIncome": "None", "interestExpense": "7751000", "nonInterestIncome": "None", "otherNonOperatingIncome": "None", "depreciation": "None", "depreciationAndAmortization": "666000", "incomeBeforeTax": "7888000", "incomeTaxExpense": "2452000", "interestAndDebtExpense": "None", "netIncomeFromContinuingOperations": "0", "comprehensiveIncomeNetOfTax": "None", "ebit": "7888000", "ebitda": "8554000", "netIncome": "5436000"}, {"fiscalDateEnding": "2008-03-31", "reportedCurrency": "USD", "grossProfit": "17344000", "totalRevenue": "26929000", "costOfRevenue": "9585000", "costofGoodsAndServicesSold": "9585000", "operatingIncome": "7165000", "sellingGeneralAndAdministrative": "6032000", "researchAndDevelopment": "0", "operatingExpenses": "10179000", "investmentIncomeNet": "None", "netInterestIncome": "None", "interestIncome": "None", "interestExpense": "9295000", "nonInterestIncome": "None", "otherNonOperatingIncome": "None", "depreciation": "None", "depreciationAndAmortization": "692000", "incomeBeforeTax": "7165000", "incomeTaxExpense": "2184000", "interestAndDebtExpense": "None", "netIncomeFromContinuingOperations": "0", "comprehensiveIncomeNetOfTax": "None", "ebit": "7165000", "ebitda": "7857000", "netIncome": "4981000"}, {"fiscalDateEnding": "2007-12-31", "reportedCurrency": "USD", "grossProfit": "15843000", "totalRevenue": "26447000", "costOfRevenue": "10604000", "costofGoodsAndServicesSold": "10604000", "operatingIncome": "6070000", "sellingGeneralAndAdministrative": "5226000", "researchAndDevelopment": "0", "operatingExpenses": "9773000", "investmentIncomeNet": "None", "netInterestIncome": "None", "interestIncome": "None", "interestExpense": "10413000", "nonInterestIncome": "None", "otherNonOperatingIncome": "None", "depreciation": "None", "depreciationAndAmortization": "656000", "incomeBeforeTax": "6070000", "incomeTaxExpense": "1589000", "interestAndDebtExpense": "None", "netIncomeFromContinuingOperations": "0", "comprehensiveIncomeNetOfTax": "None", "ebit": "6070000", "ebitda": "6726000", "netIncome": "4481000"}, {"fiscalDateEnding": "2007-09-30", "reportedCurrency": "USD", "grossProfit": "15602000", "totalRevenue": "26010000", "costOfRevenue": "10408000", "costofGoodsAndServicesSold": "10408000", "operatingIncome": "6379000", "sellingGeneralAndAdministrative": "5442000", "researchAndDevelopment": "0", "operatingExpenses": "9223000", "investmentIncomeNet": "None", "netInterestIncome": "None", "interestIncome": "None", "interestExpense": "10272000", "nonInterestIncome": "None", "otherNonOperatingIncome": "None", "depreciation": "None", "depreciationAndAmortization": "693000", "incomeBeforeTax": "6379000", "incomeTaxExpense": "1869000", "interestAndDebtExpense": "None", "netIncomeFromContinuingOperations": "0", "comprehensiveIncomeNetOfTax": "None", "ebit": "6379000", "ebitda": "7072000", "netIncome": "4510000"}, {"fiscalDateEnding": "2007-06-30", "reportedCurrency": "USD", "grossProfit": "15504000", "totalRevenue": "25580000", "costOfRevenue": "10076000", "costofGoodsAndServicesSold": "10076000", "operatingIncome": "5931000", "sellingGeneralAndAdministrative": "5439000", "researchAndDevelopment": "0", "operatingExpenses": "9573000", "investmentIncomeNet": "None", "netInterestIncome": "None", "interestIncome": "None", "interestExpense": "9984000", "nonInterestIncome": "None", "otherNonOperatingIncome": "None", "depreciation": "None", "depreciationAndAmortization": "753000", "incomeBeforeTax": "5931000", "incomeTaxExpense": "1721000", "interestAndDebtExpense": "None", "netIncomeFromContinuingOperations": "0", "comprehensiveIncomeNetOfTax": "None", "ebit": "5931000", "ebitda": "6684000", "netIncome": "4210000"}, {"fiscalDateEnding": "2007-03-31", "reportedCurrency": "USD", "grossProfit": "15120000", "totalRevenue": "24828000", "costOfRevenue": "9708000", "costofGoodsAndServicesSold": "9708000", "operatingIncome": "5759000", "sellingGeneralAndAdministrative": "5317000", "researchAndDevelopment": "0", "operatingExpenses": "9361000", "investmentIncomeNet": "None", "netInterestIncome": "None", "interestIncome": "None", "interestExpense": "9614000", "nonInterestIncome": "None", "otherNonOperatingIncome": "None", "depreciation": "None", "depreciationAndAmortization": "766000", "incomeBeforeTax": "5759000", "incomeTaxExpense": "1628000", "interestAndDebtExpense": "None", "netIncomeFromContinuingOperations": "0", "comprehensiveIncomeNetOfTax": "None", "ebit": "5759000", "ebitda": "6525000", "netIncome": "4131000"}, {"fiscalDateEnding": "2006-12-31", "reportedCurrency": "USD", "grossProfit": "15050000", "totalRevenue": "24804000", "costOfRevenue": "9754000", "costofGoodsAndServicesSold": "9754000", "operatingIncome": "5930000", "sellingGeneralAndAdministrative": "5599000", "researchAndDevelopment": "0", "operatingExpenses": "9120000", "investmentIncomeNet": "None", "netInterestIncome": "None", "interestIncome": "None", "interestExpense": "9488000", "nonInterestIncome": "None", "otherNonOperatingIncome": "None", "depreciation": "None", "depreciationAndAmortization": "668000", "incomeBeforeTax": "5930000", "incomeTaxExpense": "1635000", "interestAndDebtExpense": "None", "netIncomeFromContinuingOperations": "0", "comprehensiveIncomeNetOfTax": "None", "ebit": "5930000", "ebitda": "6598000", "netIncome": "4295000"}, {"fiscalDateEnding": "2006-09-30", "reportedCurrency": "USD", "grossProfit": "15391000", "totalRevenue": "24470000", "costOfRevenue": "9079000", "costofGoodsAndServicesSold": "9079000", "operatingIncome": "6189000", "sellingGeneralAndAdministrative": "5546000", "researchAndDevelopment": "0", "operatingExpenses": "9202000", "investmentIncomeNet": "None", "netInterestIncome": "None", "interestIncome": "None", "interestExpense": "8893000", "nonInterestIncome": "None", "otherNonOperatingIncome": "None", "depreciation": "None", "depreciationAndAmortization": "951000", "incomeBeforeTax": "6189000", "incomeTaxExpense": "1928000", "interestAndDebtExpense": "None", "netIncomeFromContinuingOperations": "0", "comprehensiveIncomeNetOfTax": "None", "ebit": "6189000", "ebitda": "7140000", "netIncome": "4261000"}, {"fiscalDateEnding": "2006-06-30", "reportedCurrency": "USD", "grossProfit": "15447000", "totalRevenue": "24060000", "costOfRevenue": "8613000", "costofGoodsAndServicesSold": "8613000", "operatingIncome": "6116000", "sellingGeneralAndAdministrative": "5480000", "researchAndDevelopment": "0", "operatingExpenses": "9331000", "investmentIncomeNet": "None", "netInterestIncome": "None", "interestIncome": "None", "interestExpense": "8512000", "nonInterestIncome": "None", "otherNonOperatingIncome": "None", "depreciation": "None", "depreciationAndAmortization": "703000", "incomeBeforeTax": "6116000", "incomeTaxExpense": "1839000", "interestAndDebtExpense": "None", "netIncomeFromContinuingOperations": "0", "comprehensiveIncomeNetOfTax": "None", "ebit": "6116000", "ebitda": "6819000", "netIncome": "4277000"}, {"fiscalDateEnding": "2006-03-31", "reportedCurrency": "USD", "grossProfit": "14935000", "totalRevenue": "23058000", "costOfRevenue": "8123000", "costofGoodsAndServicesSold": "8123000", "operatingIncome": "5781000", "sellingGeneralAndAdministrative": "5471000", "researchAndDevelopment": "0", "operatingExpenses": "9154000", "investmentIncomeNet": "None", "netInterestIncome": "None", "interestIncome": "None", "interestExpense": "7850000", "nonInterestIncome": "None", "otherNonOperatingIncome": "None", "depreciation": "None", "depreciationAndAmortization": "703000", "incomeBeforeTax": "5781000", "incomeTaxExpense": "1722000", "interestAndDebtExpense": "None", "netIncomeFromContinuingOperations": "0", "comprehensiveIncomeNetOfTax": "None", "ebit": "5781000", "ebitda": "6484000", "netIncome": "4059000"}, {"fiscalDateEnding": "2005-12-31", "reportedCurrency": "USD", "grossProfit": "15204000", "totalRevenue": "22880000", "costOfRevenue": "7676000", "costofGoodsAndServicesSold": "7676000", "operatingIncome": "6676000", "sellingGeneralAndAdministrative": "5155000", "researchAndDevelopment": "0", "operatingExpenses": "8528000", "investmentIncomeNet": "None", "netInterestIncome": "None", "interestIncome": "None", "interestExpense": "7272000", "nonInterestIncome": "None", "otherNonOperatingIncome": "None", "depreciation": "None", "depreciationAndAmortization": "633000", "incomeBeforeTax": "6676000", "incomeTaxExpense": "1986000", "interestAndDebtExpense": "None", "netIncomeFromContinuingOperations": "0", "comprehensiveIncomeNetOfTax": "None", "ebit": "6676000", "ebitda": "7309000", "netIncome": "4690000"}]}