{"symbol": "CPB", "annualReports": [{"fiscalDateEnding": "2025-07-31", "reportedCurrency": "USD", "grossProfit": "3119000000", "totalRevenue": "10253000000", "costOfRevenue": "7134000000", "costofGoodsAndServicesSold": "7134000000", "operatingIncome": "1353000000", "sellingGeneralAndAdministrative": "674000000", "researchAndDevelopment": "100000000", "operatingExpenses": "1766000000", "investmentIncomeNet": "None", "netInterestIncome": "-328000000", "interestIncome": "17000000", "interestExpense": "345000000", "nonInterestIncome": "None", "otherNonOperatingIncome": "None", "depreciation": "None", "depreciationAndAmortization": "434000000", "incomeBeforeTax": "796000000", "incomeTaxExpense": "194000000", "interestAndDebtExpense": "None", "netIncomeFromContinuingOperations": "602000000", "comprehensiveIncomeNetOfTax": "None", "ebit": "1141000000", "ebitda": "1575000000", "netIncome": "602000000"}, {"fiscalDateEnding": "2024-07-31", "reportedCurrency": "USD", "grossProfit": "2971000000", "totalRevenue": "9636000000", "costOfRevenue": "6665000000", "costofGoodsAndServicesSold": "6665000000", "operatingIncome": "1226000000", "sellingGeneralAndAdministrative": "737000000", "researchAndDevelopment": "102000000", "operatingExpenses": "1745000000", "investmentIncomeNet": "None", "netInterestIncome": "-243000000", "interestIncome": "6000000", "interestExpense": "249000000", "nonInterestIncome": "None", "otherNonOperatingIncome": "None", "depreciation": "None", "depreciationAndAmortization": "411000000", "incomeBeforeTax": "757000000", "incomeTaxExpense": "190000000", "interestAndDebtExpense": "None", "netIncomeFromContinuingOperations": "567000000", "comprehensiveIncomeNetOfTax": "None", "ebit": "1006000000", "ebitda": "1417000000", "netIncome": "567000000"}, {"fiscalDateEnding": "2023-07-31", "reportedCurrency": "USD", "grossProfit": "2917000000", "totalRevenue": "9357000000", "costOfRevenue": "6440000000", "costofGoodsAndServicesSold": "6440000000", "operatingIncome": "1312000000", "sellingGeneralAndAdministrative": "654000000", "researchAndDevelopment": "92000000", "operatingExpenses": "1605000000", "investmentIncomeNet": "None", "netInterestIncome": "-184000000", "interestIncome": "184000000", "interestExpense": "188000000", "nonInterestIncome": "None", "otherNonOperatingIncome": "None", "depreciation": "None", "depreciationAndAmortization": "387000000", "incomeBeforeTax": "1128000000", "incomeTaxExpense": "270000000", "interestAndDebtExpense": "None", "netIncomeFromContinuingOperations": "858000000", "comprehensiveIncomeNetOfTax": "None", "ebit": "1316000000", "ebitda": "1703000000", "netIncome": "858000000"}, {"fiscalDateEnding": "2022-07-31", "reportedCurrency": "USD", "grossProfit": "2627000000", "totalRevenue": "8562000000", "costOfRevenue": "5935000000", "costofGoodsAndServicesSold": "5935000000", "operatingIncome": "1148000000", "sellingGeneralAndAdministrative": "617000000", "researchAndDevelopment": "87000000", "operatingExpenses": "1479000000", "investmentIncomeNet": "None", "netInterestIncome": "-188000000", "interestIncome": "188000000", "interestExpense": "189000000", "nonInterestIncome": "None", "otherNonOperatingIncome": "1000000", "depreciation": "None", "depreciationAndAmortization": "337000000", "incomeBeforeTax": "975000000", "incomeTaxExpense": "218000000", "interestAndDebtExpense": "None", "netIncomeFromContinuingOperations": "757000000", "comprehensiveIncomeNetOfTax": "None", "ebit": "1164000000", "ebitda": "1501000000", "netIncome": "757000000"}, {"fiscalDateEnding": "2021-07-31", "reportedCurrency": "USD", "grossProfit": "2811000000", "totalRevenue": "8476000000", "costOfRevenue": "5665000000", "costofGoodsAndServicesSold": "5665000000", "operatingIncome": "1270000000", "sellingGeneralAndAdministrative": "598000000", "researchAndDevelopment": "84000000", "operatingExpenses": "1541000000", "investmentIncomeNet": "None", "netInterestIncome": "-209000000", "interestIncome": "209000000", "interestExpense": "210000000", "nonInterestIncome": "None", "otherNonOperatingIncome": "None", "depreciation": "None", "depreciationAndAmortization": "317000000", "incomeBeforeTax": "1336000000", "incomeTaxExpense": "328000000", "interestAndDebtExpense": "None", "netIncomeFromContinuingOperations": "1008000000", "comprehensiveIncomeNetOfTax": "None", "ebit": "1546000000", "ebitda": "1863000000", "netIncome": "1002000000"}, {"fiscalDateEnding": "2020-07-31", "reportedCurrency": "USD", "grossProfit": "2999000000", "totalRevenue": "8691000000", "costOfRevenue": "5692000000", "costofGoodsAndServicesSold": "5692000000", "operatingIncome": "1294000000", "sellingGeneralAndAdministrative": "622000000", "researchAndDevelopment": "93000000", "operatingExpenses": "1705000000", "investmentIncomeNet": "None", "netInterestIncome": "-341000000", "interestIncome": "390000000", "interestExpense": "345000000", "nonInterestIncome": "None", "otherNonOperatingIncome": "None", "depreciation": "None", "depreciationAndAmortization": "328000000", "incomeBeforeTax": "766000000", "incomeTaxExpense": "174000000", "interestAndDebtExpense": "None", "netIncomeFromContinuingOperations": "592000000", "comprehensiveIncomeNetOfTax": "None", "ebit": "1111000000", "ebitda": "1439000000", "netIncome": "1628000000"}, {"fiscalDateEnding": "2019-07-31", "reportedCurrency": "USD", "grossProfit": "2693000000", "totalRevenue": "8107000000", "costOfRevenue": "5414000000", "costofGoodsAndServicesSold": "5414000000", "operatingIncome": "1074000000", "sellingGeneralAndAdministrative": "638000000", "researchAndDevelopment": "91000000", "operatingExpenses": "1619000000", "investmentIncomeNet": "None", "netInterestIncome": "-354000000", "interestIncome": "2000000", "interestExpense": "356000000", "nonInterestIncome": "None", "otherNonOperatingIncome": "2000000", "depreciation": "None", "depreciationAndAmortization": "446000000", "incomeBeforeTax": "625000000", "incomeTaxExpense": "151000000", "interestAndDebtExpense": "None", "netIncomeFromContinuingOperations": "474000000", "comprehensiveIncomeNetOfTax": "None", "ebit": "981000000", "ebitda": "1427000000", "netIncome": "211000000"}, {"fiscalDateEnding": "2018-07-31", "reportedCurrency": "USD", "grossProfit": "2374000000", "totalRevenue": "6615000000", "costOfRevenue": "4241000000", "costofGoodsAndServicesSold": "4241000000", "operatingIncome": "972000000", "sellingGeneralAndAdministrative": "563000000", "researchAndDevelopment": "91000000", "operatingExpenses": "1402000000", "investmentIncomeNet": "None", "netInterestIncome": "-197000000", "interestIncome": "4000000", "interestExpense": "183000000", "nonInterestIncome": "None", "otherNonOperatingIncome": "4000000", "depreciation": "None", "depreciationAndAmortization": "394000000", "incomeBeforeTax": "830000000", "incomeTaxExpense": "106000000", "interestAndDebtExpense": "None", "netIncomeFromContinuingOperations": "261000000", "comprehensiveIncomeNetOfTax": "None", "ebit": "1013000000", "ebitda": "1407000000", "netIncome": "261000000"}, {"fiscalDateEnding": "2017-07-31", "reportedCurrency": "USD", "grossProfit": "2442000000", "totalRevenue": "5837000000", "costOfRevenue": "3395000000", "costofGoodsAndServicesSold": "3395000000", "operatingIncome": "1225000000", "sellingGeneralAndAdministrative": "448000000", "researchAndDevelopment": "93000000", "operatingExpenses": "1217000000", "investmentIncomeNet": "None", "netInterestIncome": "-107000000", "interestIncome": "5000000", "interestExpense": "115000000", "nonInterestIncome": "None", "otherNonOperatingIncome": "5000000", "depreciation": "None", "depreciationAndAmortization": "318000000", "incomeBeforeTax": "1316000000", "incomeTaxExpense": "392000000", "interestAndDebtExpense": "None", "netIncomeFromContinuingOperations": "887000000", "comprehensiveIncomeNetOfTax": "None", "ebit": "1431000000", "ebitda": "1749000000", "netIncome": "887000000"}, {"fiscalDateEnding": "2016-07-31", "reportedCurrency": "USD", "grossProfit": "2928000000", "totalRevenue": "7961000000", "costOfRevenue": "5033000000", "costofGoodsAndServicesSold": "5033000000", "operatingIncome": "1376000000", "sellingGeneralAndAdministrative": "575000000", "researchAndDevelopment": "105000000", "operatingExpenses": "1552000000", "investmentIncomeNet": "None", "netInterestIncome": "-111000000", "interestIncome": "99000000", "interestExpense": "115000000", "nonInterestIncome": "None", "otherNonOperatingIncome": "4000000", "depreciation": "None", "depreciationAndAmortization": "308000000", "incomeBeforeTax": "849000000", "incomeTaxExpense": "286000000", "interestAndDebtExpense": "None", "netIncomeFromContinuingOperations": "563000000", "comprehensiveIncomeNetOfTax": "None", "ebit": "964000000", "ebitda": "1272000000", "netIncome": "563000000"}, {"fiscalDateEnding": "2015-07-31", "reportedCurrency": "USD", "grossProfit": "2782000000", "totalRevenue": "8082000000", "costOfRevenue": "5300000000", "costofGoodsAndServicesSold": "5300000000", "operatingIncome": "1163000000", "sellingGeneralAndAdministrative": "601000000", "researchAndDevelopment": "117000000", "operatingExpenses": "1619000000", "investmentIncomeNet": "None", "netInterestIncome": "None", "interestIncome": "111000000", "interestExpense": "108000000", "nonInterestIncome": "None", "otherNonOperatingIncome": "3000000", "depreciation": "None", "depreciationAndAmortization": "303000000", "incomeBeforeTax": "949000000", "incomeTaxExpense": "283000000", "interestAndDebtExpense": "None", "netIncomeFromContinuingOperations": "691000000", "comprehensiveIncomeNetOfTax": "None", "ebit": "1057000000", "ebitda": "1360000000", "netIncome": "666000000"}, {"fiscalDateEnding": "2014-07-31", "reportedCurrency": "USD", "grossProfit": "2971000000", "totalRevenue": "8268000000", "costOfRevenue": "5297000000", "costofGoodsAndServicesSold": "5297000000", "operatingIncome": "1326000000", "sellingGeneralAndAdministrative": "576000000", "researchAndDevelopment": "122000000", "operatingExpenses": "1645000000", "investmentIncomeNet": "None", "netInterestIncome": "None", "interestIncome": "None", "interestExpense": "122000000", "nonInterestIncome": "None", "otherNonOperatingIncome": "3000000", "depreciation": "None", "depreciationAndAmortization": "305000000", "incomeBeforeTax": "1148000000", "incomeTaxExpense": "374000000", "interestAndDebtExpense": "None", "netIncomeFromContinuingOperations": "726000000", "comprehensiveIncomeNetOfTax": "None", "ebit": "1270000000", "ebitda": "1575000000", "netIncome": "866000000"}, {"fiscalDateEnding": "2013-07-31", "reportedCurrency": "USD", "grossProfit": "2912000000", "totalRevenue": "8052000000", "costOfRevenue": "5140000000", "costofGoodsAndServicesSold": "5140000000", "operatingIncome": "1146000000", "sellingGeneralAndAdministrative": "677000000", "researchAndDevelopment": "128000000", "operatingExpenses": "1766000000", "investmentIncomeNet": "None", "netInterestIncome": "None", "interestIncome": "None", "interestExpense": "135000000", "nonInterestIncome": "None", "otherNonOperatingIncome": "10000000", "depreciation": "None", "depreciationAndAmortization": "407000000", "incomeBeforeTax": "955000000", "incomeTaxExpense": "275000000", "interestAndDebtExpense": "None", "netIncomeFromContinuingOperations": "680000000", "comprehensiveIncomeNetOfTax": "None", "ebit": "1090000000", "ebitda": "1497000000", "netIncome": "458000000"}, {"fiscalDateEnding": "2012-07-31", "reportedCurrency": "USD", "grossProfit": "2810000000", "totalRevenue": "7175000000", "costOfRevenue": "4365000000", "costofGoodsAndServicesSold": "4365000000", "operatingIncome": "1172000000", "sellingGeneralAndAdministrative": "580000000", "researchAndDevelopment": "116000000", "operatingExpenses": "1638000000", "investmentIncomeNet": "None", "netInterestIncome": "None", "interestIncome": "None", "interestExpense": "114000000", "nonInterestIncome": "None", "otherNonOperatingIncome": "8000000", "depreciation": "None", "depreciationAndAmortization": "262000000", "incomeBeforeTax": "1049000000", "incomeTaxExpense": "325000000", "interestAndDebtExpense": "None", "netIncomeFromContinuingOperations": "764000000", "comprehensiveIncomeNetOfTax": "None", "ebit": "1163000000", "ebitda": "1425000000", "netIncome": "774000000"}, {"fiscalDateEnding": "2011-07-31", "reportedCurrency": "USD", "grossProfit": "2888000000", "totalRevenue": "7143000000", "costOfRevenue": "4255000000", "costofGoodsAndServicesSold": "4255000000", "operatingIncome": "1281000000", "sellingGeneralAndAdministrative": "577000000", "researchAndDevelopment": "120000000", "operatingExpenses": "1607000000", "investmentIncomeNet": "None", "netInterestIncome": "None", "interestIncome": "None", "interestExpense": "122000000", "nonInterestIncome": "None", "otherNonOperatingIncome": "11000000", "depreciation": "None", "depreciationAndAmortization": "268000000", "incomeBeforeTax": "1100000000", "incomeTaxExpense": "351000000", "interestAndDebtExpense": "None", "netIncomeFromContinuingOperations": "802000000", "comprehensiveIncomeNetOfTax": "None", "ebit": "1222000000", "ebitda": "1490000000", "netIncome": "805000000"}, {"fiscalDateEnding": "2010-07-31", "reportedCurrency": "USD", "grossProfit": "3150000000", "totalRevenue": "7676000000", "costOfRevenue": "4526000000", "costofGoodsAndServicesSold": "4526000000", "operatingIncome": "1364000000", "sellingGeneralAndAdministrative": "605000000", "researchAndDevelopment": "123000000", "operatingExpenses": "1786000000", "investmentIncomeNet": "None", "netInterestIncome": "None", "interestIncome": "None", "interestExpense": "112000000", "nonInterestIncome": "None", "otherNonOperatingIncome": "6000000", "depreciation": "None", "depreciationAndAmortization": "251000000", "incomeBeforeTax": "1242000000", "incomeTaxExpense": "398000000", "interestAndDebtExpense": "None", "netIncomeFromContinuingOperations": "844000000", "comprehensiveIncomeNetOfTax": "None", "ebit": "1354000000", "ebitda": "1605000000", "netIncome": "844000000"}, {"fiscalDateEnding": "2009-07-31", "reportedCurrency": "USD", "grossProfit": "3028000000", "totalRevenue": "7586000000", "costOfRevenue": "4558000000", "costofGoodsAndServicesSold": "4558000000", "operatingIncome": "1179000000", "sellingGeneralAndAdministrative": "591000000", "researchAndDevelopment": "114000000", "operatingExpenses": "1849000000", "investmentIncomeNet": "None", "netInterestIncome": "None", "interestIncome": "None", "interestExpense": "110000000", "nonInterestIncome": "None", "otherNonOperatingIncome": "None", "depreciation": "None", "depreciationAndAmortization": "264000000", "incomeBeforeTax": "1079000000", "incomeTaxExpense": "347000000", "interestAndDebtExpense": "None", "netIncomeFromContinuingOperations": "None", "comprehensiveIncomeNetOfTax": "None", "ebit": "1189000000", "ebitda": "1453000000", "netIncome": "736000000"}, {"fiscalDateEnding": "2008-07-31", "reportedCurrency": "USD", "grossProfit": "3171000000", "totalRevenue": "7998000000", "costOfRevenue": "4827000000", "costofGoodsAndServicesSold": "4827000000", "operatingIncome": "1280000000", "sellingGeneralAndAdministrative": "608000000", "researchAndDevelopment": "115000000", "operatingExpenses": "1891000000", "investmentIncomeNet": "None", "netInterestIncome": "None", "interestIncome": "None", "interestExpense": "167000000", "nonInterestIncome": "None", "otherNonOperatingIncome": "None", "depreciation": "None", "depreciationAndAmortization": "294000000", "incomeBeforeTax": "939000000", "incomeTaxExpense": "268000000", "interestAndDebtExpense": "None", "netIncomeFromContinuingOperations": "None", "comprehensiveIncomeNetOfTax": "None", "ebit": "1106000000", "ebitda": "1400000000", "netIncome": "1165000000"}, {"fiscalDateEnding": "2007-07-31", "reportedCurrency": "USD", "grossProfit": "3001000000", "totalRevenue": "7385000000", "costOfRevenue": "4384000000", "costofGoodsAndServicesSold": "4384000000", "operatingIncome": "1213000000", "sellingGeneralAndAdministrative": "571000000", "researchAndDevelopment": "111000000", "operatingExpenses": "1788000000", "investmentIncomeNet": "None", "netInterestIncome": "None", "interestIncome": "None", "interestExpense": "163000000", "nonInterestIncome": "None", "otherNonOperatingIncome": "None", "depreciation": "None", "depreciationAndAmortization": "283000000", "incomeBeforeTax": "1099000000", "incomeTaxExpense": "307000000", "interestAndDebtExpense": "None", "netIncomeFromContinuingOperations": "None", "comprehensiveIncomeNetOfTax": "None", "ebit": "1262000000", "ebitda": "1545000000", "netIncome": "854000000"}, {"fiscalDateEnding": "2006-07-31", "reportedCurrency": "USD", "grossProfit": "3075000000", "totalRevenue": "7343000000", "costOfRevenue": "4268000000", "costofGoodsAndServicesSold": "4268000000", "operatingIncome": "1156000000", "sellingGeneralAndAdministrative": "617000000", "researchAndDevelopment": "99000000", "operatingExpenses": "1919000000", "investmentIncomeNet": "None", "netInterestIncome": "None", "interestIncome": "None", "interestExpense": "165000000", "nonInterestIncome": "None", "otherNonOperatingIncome": "None", "depreciation": "None", "depreciationAndAmortization": "289000000", "incomeBeforeTax": "1001000000", "incomeTaxExpense": "246000000", "interestAndDebtExpense": "None", "netIncomeFromContinuingOperations": "None", "comprehensiveIncomeNetOfTax": "None", "ebit": "1156000000", "ebitda": "1445000000", "netIncome": "766000000"}], "quarterlyReports": [{"fiscalDateEnding": "2025-10-31", "reportedCurrency": "USD", "grossProfit": "792000000", "totalRevenue": "2677000000", "costOfRevenue": "1885000000", "costofGoodsAndServicesSold": "1885000000", "operatingIncome": "337000000", "sellingGeneralAndAdministrative": "167000000", "researchAndDevelopment": "24000000", "operatingExpenses": "455000000", "investmentIncomeNet": "None", "netInterestIncome": "-80000000", "interestIncome": "1000000", "interestExpense": "81000000", "nonInterestIncome": "None", "otherNonOperatingIncome": "None", "depreciation": "None", "depreciationAndAmortization": "99000000", "incomeBeforeTax": "256000000", "incomeTaxExpense": "62000000", "interestAndDebtExpense": "None", "netIncomeFromContinuingOperations": "194000000", "comprehensiveIncomeNetOfTax": "None", "ebit": "337000000", "ebitda": "436000000", "netIncome": "194000000"}, {"fiscalDateEnding": "2025-07-31", "reportedCurrency": "USD", "grossProfit": "705000000", "totalRevenue": "2321000000", "costOfRevenue": "1616000000", "costofGoodsAndServicesSold": "1616000000", "operatingIncome": "295000000", "sellingGeneralAndAdministrative": "172000000", "researchAndDevelopment": "26000000", "operatingExpenses": "410000000", "investmentIncomeNet": "None", "netInterestIncome": "-85000000", "interestIncome": "0", "interestExpense": "85000000", "nonInterestIncome": "None", "otherNonOperatingIncome": "None", "depreciation": "None", "depreciationAndAmortization": "106000000", "incomeBeforeTax": "184000000", "incomeTaxExpense": "39000000", "interestAndDebtExpense": "None", "netIncomeFromContinuingOperations": "145000000", "comprehensiveIncomeNetOfTax": "None", "ebit": "269000000", "ebitda": "375000000", "netIncome": "145000000"}, {"fiscalDateEnding": "2025-04-30", "reportedCurrency": "USD", "grossProfit": "728000000", "totalRevenue": "2475000000", "costOfRevenue": "1747000000", "costofGoodsAndServicesSold": "1747000000", "operatingIncome": "308000000", "sellingGeneralAndAdministrative": "162000000", "researchAndDevelopment": "23000000", "operatingExpenses": "420000000", "investmentIncomeNet": "None", "netInterestIncome": "-80000000", "interestIncome": "5000000", "interestExpense": "85000000", "nonInterestIncome": "None", "otherNonOperatingIncome": "None", "depreciation": "None", "depreciationAndAmortization": "109000000", "incomeBeforeTax": "81000000", "incomeTaxExpense": "15000000", "interestAndDebtExpense": "None", "netIncomeFromContinuingOperations": "66000000", "comprehensiveIncomeNetOfTax": "None", "ebit": "166000000", "ebitda": "275000000", "netIncome": "66000000"}, {"fiscalDateEnding": "2025-01-31", "reportedCurrency": "USD", "grossProfit": "819000000", "totalRevenue": "2685000000", "costOfRevenue": "1866000000", "costofGoodsAndServicesSold": "1866000000", "operatingIncome": "354000000", "sellingGeneralAndAdministrative": "165000000", "researchAndDevelopment": "25000000", "operatingExpenses": "465000000", "investmentIncomeNet": "None", "netInterestIncome": "-80000000", "interestIncome": "8000000", "interestExpense": "88000000", "nonInterestIncome": "None", "otherNonOperatingIncome": "None", "depreciation": "None", "depreciationAndAmortization": "110000000", "incomeBeforeTax": "247000000", "incomeTaxExpense": "74000000", "interestAndDebtExpense": "None", "netIncomeFromContinuingOperations": "173000000", "comprehensiveIncomeNetOfTax": "None", "ebit": "335000000", "ebitda": "445000000", "netIncome": "173000000"}, {"fiscalDateEnding": "2024-10-31", "reportedCurrency": "USD", "grossProfit": "867000000", "totalRevenue": "2772000000", "costOfRevenue": "1905000000", "costofGoodsAndServicesSold": "1905000000", "operatingIncome": "396000000", "sellingGeneralAndAdministrative": "175000000", "researchAndDevelopment": "26000000", "operatingExpenses": "471000000", "investmentIncomeNet": "None", "netInterestIncome": "-83000000", "interestIncome": "4000000", "interestExpense": "87000000", "nonInterestIncome": "None", "otherNonOperatingIncome": "None", "depreciation": "None", "depreciationAndAmortization": "109000000", "incomeBeforeTax": "284000000", "incomeTaxExpense": "66000000", "interestAndDebtExpense": "None", "netIncomeFromContinuingOperations": "218000000", "comprehensiveIncomeNetOfTax": "None", "ebit": "371000000", "ebitda": "480000000", "netIncome": "218000000"}, {"fiscalDateEnding": "2024-07-31", "reportedCurrency": "USD", "grossProfit": "675000000", "totalRevenue": "2293000000", "costOfRevenue": "1618000000", "costofGoodsAndServicesSold": "1618000000", "operatingIncome": "258000000", "sellingGeneralAndAdministrative": "182000000", "researchAndDevelopment": "26000000", "operatingExpenses": "417000000", "investmentIncomeNet": "None", "netInterestIncome": "-83000000", "interestIncome": "1000000", "interestExpense": "84000000", "nonInterestIncome": "None", "otherNonOperatingIncome": "None", "depreciation": "None", "depreciationAndAmortization": "113000000", "incomeBeforeTax": "-6000000", "incomeTaxExpense": "-3000000", "interestAndDebtExpense": "None", "netIncomeFromContinuingOperations": "-3000000", "comprehensiveIncomeNetOfTax": "None", "ebit": "78000000", "ebitda": "191000000", "netIncome": "-3000000"}, {"fiscalDateEnding": "2024-04-30", "reportedCurrency": "USD", "grossProfit": "732000000", "totalRevenue": "2369000000", "costOfRevenue": "1637000000", "costofGoodsAndServicesSold": "1637000000", "operatingIncome": "273000000", "sellingGeneralAndAdministrative": "208000000", "researchAndDevelopment": "27000000", "operatingExpenses": "459000000", "investmentIncomeNet": "None", "netInterestIncome": "-66000000", "interestIncome": "4000000", "interestExpense": "70000000", "nonInterestIncome": "None", "otherNonOperatingIncome": "None", "depreciation": "None", "depreciationAndAmortization": "106000000", "incomeBeforeTax": "182000000", "incomeTaxExpense": "49000000", "interestAndDebtExpense": "None", "netIncomeFromContinuingOperations": "133000000", "comprehensiveIncomeNetOfTax": "None", "ebit": "252000000", "ebitda": "358000000", "netIncome": "133000000"}, {"fiscalDateEnding": "2024-01-31", "reportedCurrency": "USD", "grossProfit": "776000000", "totalRevenue": "2456000000", "costOfRevenue": "1680000000", "costofGoodsAndServicesSold": "1680000000", "operatingIncome": "328000000", "sellingGeneralAndAdministrative": "189000000", "researchAndDevelopment": "25000000", "operatingExpenses": "448000000", "investmentIncomeNet": "None", "netInterestIncome": "-46000000", "interestIncome": "0", "interestExpense": "46000000", "nonInterestIncome": "None", "otherNonOperatingIncome": "None", "depreciation": "None", "depreciationAndAmortization": "96000000", "incomeBeforeTax": "271000000", "incomeTaxExpense": "68000000", "interestAndDebtExpense": "None", "netIncomeFromContinuingOperations": "203000000", "comprehensiveIncomeNetOfTax": "None", "ebit": "317000000", "ebitda": "413000000", "netIncome": "203000000"}, {"fiscalDateEnding": "2023-10-31", "reportedCurrency": "USD", "grossProfit": "788000000", "totalRevenue": "2518000000", "costOfRevenue": "1730000000", "costofGoodsAndServicesSold": "1730000000", "operatingIncome": "367000000", "sellingGeneralAndAdministrative": "158000000", "researchAndDevelopment": "24000000", "operatingExpenses": "421000000", "investmentIncomeNet": "None", "netInterestIncome": "-48000000", "interestIncome": "1000000", "interestExpense": "49000000", "nonInterestIncome": "None", "otherNonOperatingIncome": "None", "depreciation": "None", "depreciationAndAmortization": "96000000", "incomeBeforeTax": "310000000", "incomeTaxExpense": "76000000", "interestAndDebtExpense": "None", "netIncomeFromContinuingOperations": "234000000", "comprehensiveIncomeNetOfTax": "None", "ebit": "359000000", "ebitda": "455000000", "netIncome": "234000000"}, {"fiscalDateEnding": "2023-07-31", "reportedCurrency": "USD", "grossProfit": "656000000", "totalRevenue": "2068000000", "costOfRevenue": "1412000000", "costofGoodsAndServicesSold": "1412000000", "operatingIncome": "247000000", "sellingGeneralAndAdministrative": "167000000", "researchAndDevelopment": "26000000", "operatingExpenses": "409000000", "investmentIncomeNet": "None", "netInterestIncome": "-47000000", "interestIncome": "47000000", "interestExpense": "49000000", "nonInterestIncome": "None", "otherNonOperatingIncome": "None", "depreciation": "None", "depreciationAndAmortization": "103000000", "incomeBeforeTax": "225000000", "incomeTaxExpense": "56000000", "interestAndDebtExpense": "None", "netIncomeFromContinuingOperations": "169000000", "comprehensiveIncomeNetOfTax": "None", "ebit": "274000000", "ebitda": "377000000", "netIncome": "169000000"}, {"fiscalDateEnding": "2023-04-30", "reportedCurrency": "USD", "grossProfit": "668000000", "totalRevenue": "2229000000", "costOfRevenue": "1561000000", "costofGoodsAndServicesSold": "1561000000", "operatingIncome": "273000000", "sellingGeneralAndAdministrative": "167000000", "researchAndDevelopment": "24000000", "operatingExpenses": "395000000", "investmentIncomeNet": "None", "netInterestIncome": "-46000000", "interestIncome": "1000000", "interestExpense": "47000000", "nonInterestIncome": "None", "otherNonOperatingIncome": "1000000", "depreciation": "None", "depreciationAndAmortization": "108000000", "incomeBeforeTax": "208000000", "incomeTaxExpense": "48000000", "interestAndDebtExpense": "None", "netIncomeFromContinuingOperations": "160000000", "comprehensiveIncomeNetOfTax": "None", "ebit": "255000000", "ebitda": "363000000", "netIncome": "160000000"}, {"fiscalDateEnding": "2023-01-31", "reportedCurrency": "USD", "grossProfit": "759000000", "totalRevenue": "2485000000", "costOfRevenue": "1726000000", "costofGoodsAndServicesSold": "1726000000", "operatingIncome": "349000000", "sellingGeneralAndAdministrative": "162000000", "researchAndDevelopment": "21000000", "operatingExpenses": "410000000", "investmentIncomeNet": "None", "netInterestIncome": "-45000000", "interestIncome": "45000000", "interestExpense": "45000000", "nonInterestIncome": "None", "otherNonOperatingIncome": "None", "depreciation": "None", "depreciationAndAmortization": "85000000", "incomeBeforeTax": "305000000", "incomeTaxExpense": "73000000", "interestAndDebtExpense": "None", "netIncomeFromContinuingOperations": "232000000", "comprehensiveIncomeNetOfTax": "None", "ebit": "350000000", "ebitda": "435000000", "netIncome": "232000000"}, {"fiscalDateEnding": "2022-10-31", "reportedCurrency": "USD", "grossProfit": "834000000", "totalRevenue": "2575000000", "costOfRevenue": "1741000000", "costofGoodsAndServicesSold": "1741000000", "operatingIncome": "451000000", "sellingGeneralAndAdministrative": "161000000", "researchAndDevelopment": "21000000", "operatingExpenses": "383000000", "investmentIncomeNet": "None", "netInterestIncome": "-46000000", "interestIncome": "1000000", "interestExpense": "47000000", "nonInterestIncome": "None", "otherNonOperatingIncome": "1000000", "depreciation": "None", "depreciationAndAmortization": "91000000", "incomeBeforeTax": "390000000", "incomeTaxExpense": "93000000", "interestAndDebtExpense": "None", "netIncomeFromContinuingOperations": "297000000", "comprehensiveIncomeNetOfTax": "None", "ebit": "437000000", "ebitda": "528000000", "netIncome": "297000000"}, {"fiscalDateEnding": "2022-07-31", "reportedCurrency": "USD", "grossProfit": "571000000", "totalRevenue": "1987000000", "costOfRevenue": "1416000000", "costofGoodsAndServicesSold": "1416000000", "operatingIncome": "196000000", "sellingGeneralAndAdministrative": "163000000", "researchAndDevelopment": "23000000", "operatingExpenses": "375000000", "investmentIncomeNet": "None", "netInterestIncome": "-45000000", "interestIncome": "45000000", "interestExpense": "45000000", "nonInterestIncome": "None", "otherNonOperatingIncome": "None", "depreciation": "None", "depreciationAndAmortization": "86000000", "incomeBeforeTax": "125000000", "incomeTaxExpense": "29000000", "interestAndDebtExpense": "None", "netIncomeFromContinuingOperations": "96000000", "comprehensiveIncomeNetOfTax": "None", "ebit": "170000000", "ebitda": "256000000", "netIncome": "96000000"}, {"fiscalDateEnding": "2022-04-30", "reportedCurrency": "USD", "grossProfit": "665000000", "totalRevenue": "2130000000", "costOfRevenue": "1465000000", "costofGoodsAndServicesSold": "1465000000", "operatingIncome": "294000000", "sellingGeneralAndAdministrative": "151000000", "researchAndDevelopment": "22000000", "operatingExpenses": "371000000", "investmentIncomeNet": "None", "netInterestIncome": "-50000000", "interestIncome": "1000000", "interestExpense": "51000000", "nonInterestIncome": "None", "otherNonOperatingIncome": "1000000", "depreciation": "None", "depreciationAndAmortization": "85000000", "incomeBeforeTax": "244000000", "incomeTaxExpense": "56000000", "interestAndDebtExpense": "None", "netIncomeFromContinuingOperations": "188000000", "comprehensiveIncomeNetOfTax": "None", "ebit": "295000000", "ebitda": "380000000", "netIncome": "188000000"}, {"fiscalDateEnding": "2022-01-31", "reportedCurrency": "USD", "grossProfit": "669000000", "totalRevenue": "2209000000", "costOfRevenue": "1540000000", "costofGoodsAndServicesSold": "1540000000", "operatingIncome": "294000000", "sellingGeneralAndAdministrative": "147000000", "researchAndDevelopment": "21000000", "operatingExpenses": "375000000", "investmentIncomeNet": "None", "netInterestIncome": "-46000000", "interestIncome": "46000000", "interestExpense": "46000000", "nonInterestIncome": "None", "otherNonOperatingIncome": "None", "depreciation": "None", "depreciationAndAmortization": "83000000", "incomeBeforeTax": "277000000", "incomeTaxExpense": "65000000", "interestAndDebtExpense": "None", "netIncomeFromContinuingOperations": "212000000", "comprehensiveIncomeNetOfTax": "None", "ebit": "323000000", "ebitda": "406000000", "netIncome": "212000000"}, {"fiscalDateEnding": "2021-10-31", "reportedCurrency": "USD", "grossProfit": "722000000", "totalRevenue": "2236000000", "costOfRevenue": "1514000000", "costofGoodsAndServicesSold": "1514000000", "operatingIncome": "364000000", "sellingGeneralAndAdministrative": "156000000", "researchAndDevelopment": "21000000", "operatingExpenses": "358000000", "investmentIncomeNet": "None", "netInterestIncome": "-47000000", "interestIncome": "47000000", "interestExpense": "47000000", "nonInterestIncome": "None", "otherNonOperatingIncome": "None", "depreciation": "None", "depreciationAndAmortization": "83000000", "incomeBeforeTax": "329000000", "incomeTaxExpense": "68000000", "interestAndDebtExpense": "None", "netIncomeFromContinuingOperations": "261000000", "comprehensiveIncomeNetOfTax": "None", "ebit": "376000000", "ebitda": "459000000", "netIncome": "261000000"}, {"fiscalDateEnding": "2021-07-31", "reportedCurrency": "USD", "grossProfit": "587000000", "totalRevenue": "1873000000", "costOfRevenue": "1286000000", "costofGoodsAndServicesSold": "1286000000", "operatingIncome": "232000000", "sellingGeneralAndAdministrative": "146000000", "researchAndDevelopment": "23000000", "operatingExpenses": "355000000", "investmentIncomeNet": "None", "netInterestIncome": "-47000000", "interestIncome": "47000000", "interestExpense": "47000000", "nonInterestIncome": "None", "otherNonOperatingIncome": "None", "depreciation": "None", "depreciationAndAmortization": "84000000", "incomeBeforeTax": "364000000", "incomeTaxExpense": "76000000", "interestAndDebtExpense": "None", "netIncomeFromContinuingOperations": "288000000", "comprehensiveIncomeNetOfTax": "None", "ebit": "411000000", "ebitda": "495000000", "netIncome": "288000000"}, {"fiscalDateEnding": "2021-04-30", "reportedCurrency": "USD", "grossProfit": "628000000", "totalRevenue": "1984000000", "costOfRevenue": "1356000000", "costofGoodsAndServicesSold": "1356000000", "operatingIncome": "241000000", "sellingGeneralAndAdministrative": "153000000", "researchAndDevelopment": "22000000", "operatingExpenses": "387000000", "investmentIncomeNet": "None", "netInterestIncome": "-53000000", "interestIncome": "53000000", "interestExpense": "53000000", "nonInterestIncome": "None", "otherNonOperatingIncome": "None", "depreciation": "None", "depreciationAndAmortization": "79000000", "incomeBeforeTax": "219000000", "incomeTaxExpense": "53000000", "interestAndDebtExpense": "None", "netIncomeFromContinuingOperations": "166000000", "comprehensiveIncomeNetOfTax": "None", "ebit": "272000000", "ebitda": "351000000", "netIncome": "160000000"}, {"fiscalDateEnding": "2021-01-31", "reportedCurrency": "USD", "grossProfit": "783000000", "totalRevenue": "2279000000", "costOfRevenue": "1496000000", "costofGoodsAndServicesSold": "1496000000", "operatingIncome": "363000000", "sellingGeneralAndAdministrative": "158000000", "researchAndDevelopment": "19000000", "operatingExpenses": "420000000", "investmentIncomeNet": "None", "netInterestIncome": "-54000000", "interestIncome": "1000000", "interestExpense": "55000000", "nonInterestIncome": "None", "otherNonOperatingIncome": "1000000", "depreciation": "None", "depreciationAndAmortization": "78000000", "incomeBeforeTax": "347000000", "incomeTaxExpense": "102000000", "interestAndDebtExpense": "None", "netIncomeFromContinuingOperations": "245000000", "comprehensiveIncomeNetOfTax": "None", "ebit": "402000000", "ebitda": "480000000", "netIncome": "245000000"}, {"fiscalDateEnding": "2020-10-31", "reportedCurrency": "USD", "grossProfit": "813000000", "totalRevenue": "2340000000", "costOfRevenue": "1527000000", "costofGoodsAndServicesSold": "1527000000", "operatingIncome": "434000000", "sellingGeneralAndAdministrative": "141000000", "researchAndDevelopment": "20000000", "operatingExpenses": "379000000", "investmentIncomeNet": "None", "netInterestIncome": "-55000000", "interestIncome": "55000000", "interestExpense": "55000000", "nonInterestIncome": "None", "otherNonOperatingIncome": "None", "depreciation": "None", "depreciationAndAmortization": "76000000", "incomeBeforeTax": "406000000", "incomeTaxExpense": "97000000", "interestAndDebtExpense": "None", "netIncomeFromContinuingOperations": "309000000", "comprehensiveIncomeNetOfTax": "None", "ebit": "461000000", "ebitda": "537000000", "netIncome": "309000000"}, {"fiscalDateEnding": "2020-07-31", "reportedCurrency": "USD", "grossProfit": "747000000", "totalRevenue": "2108000000", "costOfRevenue": "1361000000", "costofGoodsAndServicesSold": "1361000000", "operatingIncome": "262000000", "sellingGeneralAndAdministrative": "186000000", "researchAndDevelopment": "24000000", "operatingExpenses": "485000000", "investmentIncomeNet": "None", "netInterestIncome": "-60000000", "interestIncome": "60000000", "interestExpense": "61000000", "nonInterestIncome": "None", "otherNonOperatingIncome": "None", "depreciation": "None", "depreciationAndAmortization": "87000000", "incomeBeforeTax": "107000000", "incomeTaxExpense": "21000000", "interestAndDebtExpense": "None", "netIncomeFromContinuingOperations": "86000000", "comprehensiveIncomeNetOfTax": "None", "ebit": "168000000", "ebitda": "255000000", "netIncome": "86000000"}, {"fiscalDateEnding": "2020-04-30", "reportedCurrency": "USD", "grossProfit": "772000000", "totalRevenue": "2238000000", "costOfRevenue": "1466000000", "costofGoodsAndServicesSold": "1466000000", "operatingIncome": "289000000", "sellingGeneralAndAdministrative": "208000000", "researchAndDevelopment": "25000000", "operatingExpenses": "483000000", "investmentIncomeNet": "None", "netInterestIncome": "-55000000", "interestIncome": "135000000", "interestExpense": "55000000", "nonInterestIncome": "None", "otherNonOperatingIncome": "None", "depreciation": "None", "depreciationAndAmortization": "79000000", "incomeBeforeTax": "218000000", "incomeTaxExpense": "52000000", "interestAndDebtExpense": "None", "netIncomeFromContinuingOperations": "166000000", "comprehensiveIncomeNetOfTax": "None", "ebit": "273000000", "ebitda": "352000000", "netIncome": "168000000"}, {"fiscalDateEnding": "2020-01-31", "reportedCurrency": "USD", "grossProfit": "742000000", "totalRevenue": "2162000000", "costOfRevenue": "1420000000", "costofGoodsAndServicesSold": "1420000000", "operatingIncome": "335000000", "sellingGeneralAndAdministrative": "137000000", "researchAndDevelopment": "22000000", "operatingExpenses": "407000000", "investmentIncomeNet": "None", "netInterestIncome": "-146000000", "interestIncome": "3000000", "interestExpense": "149000000", "nonInterestIncome": "None", "otherNonOperatingIncome": "3000000", "depreciation": "None", "depreciationAndAmortization": "81000000", "incomeBeforeTax": "204000000", "incomeTaxExpense": "33000000", "interestAndDebtExpense": "None", "netIncomeFromContinuingOperations": "171000000", "comprehensiveIncomeNetOfTax": "None", "ebit": "353000000", "ebitda": "434000000", "netIncome": "1208000000"}, {"fiscalDateEnding": "2019-10-31", "reportedCurrency": "USD", "grossProfit": "738000000", "totalRevenue": "2183000000", "costOfRevenue": "1445000000", "costofGoodsAndServicesSold": "1445000000", "operatingIncome": "366000000", "sellingGeneralAndAdministrative": "133000000", "researchAndDevelopment": "22000000", "operatingExpenses": "372000000", "investmentIncomeNet": "None", "netInterestIncome": "-80000000", "interestIncome": "81000000", "interestExpense": "80000000", "nonInterestIncome": "None", "otherNonOperatingIncome": "None", "depreciation": "None", "depreciationAndAmortization": "81000000", "incomeBeforeTax": "237000000", "incomeTaxExpense": "68000000", "interestAndDebtExpense": "None", "netIncomeFromContinuingOperations": "169000000", "comprehensiveIncomeNetOfTax": "None", "ebit": "317000000", "ebitda": "398000000", "netIncome": "166000000"}, {"fiscalDateEnding": "2019-07-31", "reportedCurrency": "USD", "grossProfit": "345000000", "totalRevenue": "978000000", "costOfRevenue": "633000000", "costofGoodsAndServicesSold": "633000000", "operatingIncome": "123000000", "sellingGeneralAndAdministrative": "90000000", "researchAndDevelopment": "17000000", "operatingExpenses": "222000000", "investmentIncomeNet": "None", "netInterestIncome": "-78000000", "interestIncome": "78000000", "interestExpense": "77000000", "nonInterestIncome": "None", "otherNonOperatingIncome": "-1000000", "depreciation": "None", "depreciationAndAmortization": "97000000", "incomeBeforeTax": "-109000000", "incomeTaxExpense": "-33000000", "interestAndDebtExpense": "None", "netIncomeFromContinuingOperations": "208000000", "comprehensiveIncomeNetOfTax": "None", "ebit": "-32000000", "ebitda": "65000000", "netIncome": "-8000000"}, {"fiscalDateEnding": "2019-04-30", "reportedCurrency": "USD", "grossProfit": "655000000", "totalRevenue": "1953000000", "costOfRevenue": "1298000000", "costofGoodsAndServicesSold": "1298000000", "operatingIncome": "226000000", "sellingGeneralAndAdministrative": "178000000", "researchAndDevelopment": "23000000", "operatingExpenses": "429000000", "investmentIncomeNet": "None", "netInterestIncome": "-91000000", "interestIncome": "1000000", "interestExpense": "89000000", "nonInterestIncome": "None", "otherNonOperatingIncome": "1000000", "depreciation": "None", "depreciationAndAmortization": "108000000", "incomeBeforeTax": "156000000", "incomeTaxExpense": "33000000", "interestAndDebtExpense": "None", "netIncomeFromContinuingOperations": "131000000", "comprehensiveIncomeNetOfTax": "None", "ebit": "245000000", "ebitda": "353000000", "netIncome": "84000000"}, {"fiscalDateEnding": "2019-01-31", "reportedCurrency": "USD", "grossProfit": "706000000", "totalRevenue": "2172000000", "costOfRevenue": "1466000000", "costofGoodsAndServicesSold": "1466000000", "operatingIncome": "307000000", "sellingGeneralAndAdministrative": "146000000", "researchAndDevelopment": "20000000", "operatingExpenses": "399000000", "investmentIncomeNet": "None", "netInterestIncome": "None", "interestIncome": "None", "interestExpense": "91000000", "nonInterestIncome": "None", "otherNonOperatingIncome": "1000000", "depreciation": "None", "depreciationAndAmortization": "119000000", "incomeBeforeTax": "234000000", "incomeTaxExpense": "58000000", "interestAndDebtExpense": "None", "netIncomeFromContinuingOperations": "-59000000", "comprehensiveIncomeNetOfTax": "None", "ebit": "325000000", "ebitda": "444000000", "netIncome": "-59000000"}, {"fiscalDateEnding": "2018-10-31", "reportedCurrency": "USD", "grossProfit": "726000000", "totalRevenue": "2202000000", "costOfRevenue": "1476000000", "costofGoodsAndServicesSold": "1476000000", "operatingIncome": "333000000", "sellingGeneralAndAdministrative": "148000000", "researchAndDevelopment": "23000000", "operatingExpenses": "393000000", "investmentIncomeNet": "None", "netInterestIncome": "None", "interestIncome": "None", "interestExpense": "91000000", "nonInterestIncome": "None", "otherNonOperatingIncome": "1000000", "depreciation": "None", "depreciationAndAmortization": "122000000", "incomeBeforeTax": "236000000", "incomeTaxExpense": "56000000", "interestAndDebtExpense": "None", "netIncomeFromContinuingOperations": "194000000", "comprehensiveIncomeNetOfTax": "None", "ebit": "327000000", "ebitda": "449000000", "netIncome": "194000000"}, {"fiscalDateEnding": "2018-07-31", "reportedCurrency": "USD", "grossProfit": "649000000", "totalRevenue": "2219000000", "costOfRevenue": "1570000000", "costofGoodsAndServicesSold": "1570000000", "operatingIncome": "207000000", "sellingGeneralAndAdministrative": "177000000", "researchAndDevelopment": "26000000", "operatingExpenses": "442000000", "investmentIncomeNet": "None", "netInterestIncome": "None", "interestIncome": "None", "interestExpense": "94000000", "nonInterestIncome": "None", "otherNonOperatingIncome": "1000000", "depreciation": "None", "depreciationAndAmortization": "128000000", "incomeBeforeTax": "196000000", "incomeTaxExpense": "102000000", "interestAndDebtExpense": "None", "netIncomeFromContinuingOperations": "94000000", "comprehensiveIncomeNetOfTax": "None", "ebit": "290000000", "ebitda": "418000000", "netIncome": "94000000"}, {"fiscalDateEnding": "2018-04-30", "reportedCurrency": "USD", "grossProfit": "615000000", "totalRevenue": "1878000000", "costOfRevenue": "1263000000", "costofGoodsAndServicesSold": "1263000000", "operatingIncome": "211000000", "sellingGeneralAndAdministrative": "153000000", "researchAndDevelopment": "25000000", "operatingExpenses": "404000000", "investmentIncomeNet": "None", "netInterestIncome": "None", "interestIncome": "None", "interestExpense": "44000000", "nonInterestIncome": "None", "otherNonOperatingIncome": "2000000", "depreciation": "None", "depreciationAndAmortization": "105000000", "incomeBeforeTax": "116000000", "incomeTaxExpense": "43000000", "interestAndDebtExpense": "None", "netIncomeFromContinuingOperations": "-393000000", "comprehensiveIncomeNetOfTax": "None", "ebit": "160000000", "ebitda": "265000000", "netIncome": "-393000000"}, {"fiscalDateEnding": "2018-01-31", "reportedCurrency": "USD", "grossProfit": "766000000", "totalRevenue": "2180000000", "costOfRevenue": "1414000000", "costofGoodsAndServicesSold": "1414000000", "operatingIncome": "342000000", "sellingGeneralAndAdministrative": "165000000", "researchAndDevelopment": "27000000", "operatingExpenses": "424000000", "investmentIncomeNet": "None", "netInterestIncome": "None", "interestIncome": "None", "interestExpense": "32000000", "nonInterestIncome": "None", "otherNonOperatingIncome": "None", "depreciation": "None", "depreciationAndAmortization": "79000000", "incomeBeforeTax": "211000000", "incomeTaxExpense": "-74000000", "interestAndDebtExpense": "None", "netIncomeFromContinuingOperations": "285000000", "comprehensiveIncomeNetOfTax": "None", "ebit": "243000000", "ebitda": "322000000", "netIncome": "285000000"}, {"fiscalDateEnding": "2017-10-31", "reportedCurrency": "USD", "grossProfit": "783000000", "totalRevenue": "2161000000", "costOfRevenue": "1378000000", "costofGoodsAndServicesSold": "1378000000", "operatingIncome": "381000000", "sellingGeneralAndAdministrative": "149000000", "researchAndDevelopment": "30000000", "operatingExpenses": "402000000", "investmentIncomeNet": "None", "netInterestIncome": "None", "interestIncome": "None", "interestExpense": "31000000", "nonInterestIncome": "None", "otherNonOperatingIncome": "1000000", "depreciation": "None", "depreciationAndAmortization": "82000000", "incomeBeforeTax": "382000000", "incomeTaxExpense": "107000000", "interestAndDebtExpense": "None", "netIncomeFromContinuingOperations": "275000000", "comprehensiveIncomeNetOfTax": "None", "ebit": "413000000", "ebitda": "495000000", "netIncome": "275000000"}, {"fiscalDateEnding": "2017-07-31", "reportedCurrency": "USD", "grossProfit": "715000000", "totalRevenue": "1664000000", "costOfRevenue": "949000000", "costofGoodsAndServicesSold": "949000000", "operatingIncome": "447000000", "sellingGeneralAndAdministrative": "86000000", "researchAndDevelopment": "20000000", "operatingExpenses": "268000000", "investmentIncomeNet": "None", "netInterestIncome": "None", "interestIncome": "None", "interestExpense": "25000000", "nonInterestIncome": "None", "otherNonOperatingIncome": "2000000", "depreciation": "None", "depreciationAndAmortization": "84000000", "incomeBeforeTax": "417000000", "incomeTaxExpense": "99000000", "interestAndDebtExpense": "None", "netIncomeFromContinuingOperations": "318000000", "comprehensiveIncomeNetOfTax": "None", "ebit": "442000000", "ebitda": "526000000", "netIncome": "318000000"}, {"fiscalDateEnding": "2017-04-30", "reportedCurrency": "USD", "grossProfit": "665000000", "totalRevenue": "1853000000", "costOfRevenue": "1188000000", "costofGoodsAndServicesSold": "1188000000", "operatingIncome": "278000000", "sellingGeneralAndAdministrative": "142000000", "researchAndDevelopment": "28000000", "operatingExpenses": "387000000", "investmentIncomeNet": "None", "netInterestIncome": "None", "interestIncome": "None", "interestExpense": "29000000", "nonInterestIncome": "None", "otherNonOperatingIncome": "1000000", "depreciation": "None", "depreciationAndAmortization": "80000000", "incomeBeforeTax": "270000000", "incomeTaxExpense": "94000000", "interestAndDebtExpense": "None", "netIncomeFromContinuingOperations": "176000000", "comprehensiveIncomeNetOfTax": "None", "ebit": "299000000", "ebitda": "379000000", "netIncome": "176000000"}, {"fiscalDateEnding": "2017-01-31", "reportedCurrency": "USD", "grossProfit": "811000000", "totalRevenue": "2171000000", "costOfRevenue": "1360000000", "costofGoodsAndServicesSold": "1360000000", "operatingIncome": "400000000", "sellingGeneralAndAdministrative": "141000000", "researchAndDevelopment": "25000000", "operatingExpenses": "411000000", "investmentIncomeNet": "None", "netInterestIncome": "None", "interestIncome": "None", "interestExpense": "29000000", "nonInterestIncome": "None", "otherNonOperatingIncome": "1000000", "depreciation": "None", "depreciationAndAmortization": "77000000", "incomeBeforeTax": "177000000", "incomeTaxExpense": "76000000", "interestAndDebtExpense": "None", "netIncomeFromContinuingOperations": "101000000", "comprehensiveIncomeNetOfTax": "None", "ebit": "206000000", "ebitda": "283000000", "netIncome": "101000000"}, {"fiscalDateEnding": "2016-10-31", "reportedCurrency": "USD", "grossProfit": "851000000", "totalRevenue": "2202000000", "costOfRevenue": "1351000000", "costofGoodsAndServicesSold": "1351000000", "operatingIncome": "464000000", "sellingGeneralAndAdministrative": "125000000", "researchAndDevelopment": "27000000", "operatingExpenses": "387000000", "investmentIncomeNet": "None", "netInterestIncome": "None", "interestIncome": "None", "interestExpense": "29000000", "nonInterestIncome": "None", "otherNonOperatingIncome": "1000000", "depreciation": "None", "depreciationAndAmortization": "77000000", "incomeBeforeTax": "429000000", "incomeTaxExpense": "137000000", "interestAndDebtExpense": "None", "netIncomeFromContinuingOperations": "292000000", "comprehensiveIncomeNetOfTax": "None", "ebit": "458000000", "ebitda": "535000000", "netIncome": "292000000"}, {"fiscalDateEnding": "2016-07-31", "reportedCurrency": "USD", "grossProfit": "546000000", "totalRevenue": "1687000000", "costOfRevenue": "1141000000", "costofGoodsAndServicesSold": "1141000000", "operatingIncome": "87000000", "sellingGeneralAndAdministrative": "185000000", "researchAndDevelopment": "38000000", "operatingExpenses": "459000000", "investmentIncomeNet": "None", "netInterestIncome": "None", "interestIncome": "None", "interestExpense": "29000000", "nonInterestIncome": "None", "otherNonOperatingIncome": "1000000", "depreciation": "None", "depreciationAndAmortization": "80000000", "incomeBeforeTax": "-65000000", "incomeTaxExpense": "16000000", "interestAndDebtExpense": "None", "netIncomeFromContinuingOperations": "-81000000", "comprehensiveIncomeNetOfTax": "None", "ebit": "-36000000", "ebitda": "44000000", "netIncome": "-81000000"}, {"fiscalDateEnding": "2016-04-30", "reportedCurrency": "USD", "grossProfit": "660000000", "totalRevenue": "1870000000", "costOfRevenue": "1210000000", "costofGoodsAndServicesSold": "1210000000", "operatingIncome": "247000000", "sellingGeneralAndAdministrative": "154000000", "researchAndDevelopment": "31000000", "operatingExpenses": "413000000", "investmentIncomeNet": "None", "netInterestIncome": "None", "interestIncome": "None", "interestExpense": "29000000", "nonInterestIncome": "None", "otherNonOperatingIncome": "1000000", "depreciation": "None", "depreciationAndAmortization": "76000000", "incomeBeforeTax": "240000000", "incomeTaxExpense": "55000000", "interestAndDebtExpense": "None", "netIncomeFromContinuingOperations": "185000000", "comprehensiveIncomeNetOfTax": "None", "ebit": "269000000", "ebitda": "345000000", "netIncome": "185000000"}, {"fiscalDateEnding": "2016-01-31", "reportedCurrency": "USD", "grossProfit": "819000000", "totalRevenue": "2201000000", "costOfRevenue": "1382000000", "costofGoodsAndServicesSold": "1382000000", "operatingIncome": "427000000", "sellingGeneralAndAdministrative": "146000000", "researchAndDevelopment": "23000000", "operatingExpenses": "392000000", "investmentIncomeNet": "None", "netInterestIncome": "None", "interestIncome": "None", "interestExpense": "28000000", "nonInterestIncome": "None", "otherNonOperatingIncome": "1000000", "depreciation": "None", "depreciationAndAmortization": "78000000", "incomeBeforeTax": "387000000", "incomeTaxExpense": "122000000", "interestAndDebtExpense": "None", "netIncomeFromContinuingOperations": "265000000", "comprehensiveIncomeNetOfTax": "None", "ebit": "415000000", "ebitda": "493000000", "netIncome": "265000000"}, {"fiscalDateEnding": "2015-10-31", "reportedCurrency": "USD", "grossProfit": "755000000", "totalRevenue": "2203000000", "costOfRevenue": "1448000000", "costofGoodsAndServicesSold": "1448000000", "operatingIncome": "341000000", "sellingGeneralAndAdministrative": "156000000", "researchAndDevelopment": "32000000", "operatingExpenses": "414000000", "investmentIncomeNet": "None", "netInterestIncome": "None", "interestIncome": "None", "interestExpense": "29000000", "nonInterestIncome": "None", "otherNonOperatingIncome": "1000000", "depreciation": "None", "depreciationAndAmortization": "74000000", "incomeBeforeTax": "287000000", "incomeTaxExpense": "93000000", "interestAndDebtExpense": "None", "netIncomeFromContinuingOperations": "194000000", "comprehensiveIncomeNetOfTax": "None", "ebit": "316000000", "ebitda": "390000000", "netIncome": "194000000"}, {"fiscalDateEnding": "2015-07-31", "reportedCurrency": "USD", "grossProfit": "612000000", "totalRevenue": "1693000000", "costOfRevenue": "1081000000", "costofGoodsAndServicesSold": "1081000000", "operatingIncome": "214000000", "sellingGeneralAndAdministrative": "177000000", "researchAndDevelopment": "28000000", "operatingExpenses": "398000000", "investmentIncomeNet": "None", "netInterestIncome": "None", "interestIncome": "None", "interestExpense": "27000000", "nonInterestIncome": "None", "otherNonOperatingIncome": "None", "depreciation": "None", "depreciationAndAmortization": "80000000", "incomeBeforeTax": "101000000", "incomeTaxExpense": "33000000", "interestAndDebtExpense": "None", "netIncomeFromContinuingOperations": "68000000", "comprehensiveIncomeNetOfTax": "None", "ebit": "128000000", "ebitda": "208000000", "netIncome": "68000000"}, {"fiscalDateEnding": "2015-04-30", "reportedCurrency": "USD", "grossProfit": "682000000", "totalRevenue": "1900000000", "costOfRevenue": "1218000000", "costofGoodsAndServicesSold": "1218000000", "operatingIncome": "297000000", "sellingGeneralAndAdministrative": "142000000", "researchAndDevelopment": "30000000", "operatingExpenses": "385000000", "investmentIncomeNet": "None", "netInterestIncome": "None", "interestIncome": "None", "interestExpense": "29000000", "nonInterestIncome": "None", "otherNonOperatingIncome": "1000000", "depreciation": "None", "depreciationAndAmortization": "74000000", "incomeBeforeTax": "257000000", "incomeTaxExpense": "78000000", "interestAndDebtExpense": "None", "netIncomeFromContinuingOperations": "182000000", "comprehensiveIncomeNetOfTax": "None", "ebit": "286000000", "ebitda": "360000000", "netIncome": "179000000"}, {"fiscalDateEnding": "2015-01-31", "reportedCurrency": "USD", "grossProfit": "743000000", "totalRevenue": "2234000000", "costOfRevenue": "1491000000", "costofGoodsAndServicesSold": "1491000000", "operatingIncome": "344000000", "sellingGeneralAndAdministrative": "135000000", "researchAndDevelopment": "25000000", "operatingExpenses": "399000000", "investmentIncomeNet": "None", "netInterestIncome": "None", "interestIncome": "None", "interestExpense": "26000000", "nonInterestIncome": "None", "otherNonOperatingIncome": "1000000", "depreciation": "None", "depreciationAndAmortization": "74000000", "incomeBeforeTax": "312000000", "incomeTaxExpense": "90000000", "interestAndDebtExpense": "None", "netIncomeFromContinuingOperations": "207000000", "comprehensiveIncomeNetOfTax": "None", "ebit": "338000000", "ebitda": "412000000", "netIncome": "222000000"}, {"fiscalDateEnding": "2014-10-31", "reportedCurrency": "USD", "grossProfit": "795000000", "totalRevenue": "2255000000", "costOfRevenue": "1460000000", "costofGoodsAndServicesSold": "1460000000", "operatingIncome": "393000000", "sellingGeneralAndAdministrative": "131000000", "researchAndDevelopment": "28000000", "operatingExpenses": "402000000", "investmentIncomeNet": "None", "netInterestIncome": "None", "interestIncome": "None", "interestExpense": "26000000", "nonInterestIncome": "None", "otherNonOperatingIncome": "1000000", "depreciation": "None", "depreciationAndAmortization": "75000000", "incomeBeforeTax": "364000000", "incomeTaxExpense": "116000000", "interestAndDebtExpense": "None", "netIncomeFromContinuingOperations": "234000000", "comprehensiveIncomeNetOfTax": "None", "ebit": "390000000", "ebitda": "465000000", "netIncome": "248000000"}, {"fiscalDateEnding": "2014-07-31", "reportedCurrency": "USD", "grossProfit": "631000000", "totalRevenue": "1852000000", "costOfRevenue": "1221000000", "costofGoodsAndServicesSold": "1221000000", "operatingIncome": "242000000", "sellingGeneralAndAdministrative": "149000000", "researchAndDevelopment": "33000000", "operatingExpenses": "389000000", "investmentIncomeNet": "None", "netInterestIncome": "None", "interestIncome": "None", "interestExpense": "31000000", "nonInterestIncome": "None", "otherNonOperatingIncome": "1000000", "depreciation": "None", "depreciationAndAmortization": "83000000", "incomeBeforeTax": "204000000", "incomeTaxExpense": "69000000", "interestAndDebtExpense": "None", "netIncomeFromContinuingOperations": "135000000", "comprehensiveIncomeNetOfTax": "None", "ebit": "235000000", "ebitda": "318000000", "netIncome": "137000000"}, {"fiscalDateEnding": "2014-04-30", "reportedCurrency": "USD", "grossProfit": "676000000", "totalRevenue": "1970000000", "costOfRevenue": "1294000000", "costofGoodsAndServicesSold": "1294000000", "operatingIncome": "295000000", "sellingGeneralAndAdministrative": "134000000", "researchAndDevelopment": "30000000", "operatingExpenses": "381000000", "investmentIncomeNet": "None", "netInterestIncome": "None", "interestIncome": "None", "interestExpense": "31000000", "nonInterestIncome": "None", "otherNonOperatingIncome": "1000000", "depreciation": "None", "depreciationAndAmortization": "74000000", "incomeBeforeTax": "262000000", "incomeTaxExpense": "79000000", "interestAndDebtExpense": "None", "netIncomeFromContinuingOperations": "183000000", "comprehensiveIncomeNetOfTax": "None", "ebit": "293000000", "ebitda": "367000000", "netIncome": "184000000"}, {"fiscalDateEnding": "2014-01-31", "reportedCurrency": "USD", "grossProfit": "814000000", "totalRevenue": "2281000000", "costOfRevenue": "1467000000", "costofGoodsAndServicesSold": "1467000000", "operatingIncome": "377000000", "sellingGeneralAndAdministrative": "142000000", "researchAndDevelopment": "27000000", "operatingExpenses": "437000000", "investmentIncomeNet": "None", "netInterestIncome": "None", "interestIncome": "None", "interestExpense": "29000000", "nonInterestIncome": "None", "otherNonOperatingIncome": "None", "depreciation": "None", "depreciationAndAmortization": "74000000", "incomeBeforeTax": "332000000", "incomeTaxExpense": "104000000", "interestAndDebtExpense": "None", "netIncomeFromContinuingOperations": "228000000", "comprehensiveIncomeNetOfTax": "None", "ebit": "361000000", "ebitda": "435000000", "netIncome": "325000000"}, {"fiscalDateEnding": "2013-10-31", "reportedCurrency": "USD", "grossProfit": "777000000", "totalRevenue": "2165000000", "costOfRevenue": "1388000000", "costofGoodsAndServicesSold": "1388000000", "operatingIncome": "337000000", "sellingGeneralAndAdministrative": "148000000", "researchAndDevelopment": "31000000", "operatingExpenses": "440000000", "investmentIncomeNet": "None", "netInterestIncome": "None", "interestIncome": "None", "interestExpense": "31000000", "nonInterestIncome": "None", "otherNonOperatingIncome": "1000000", "depreciation": "None", "depreciationAndAmortization": "74000000", "incomeBeforeTax": "275000000", "incomeTaxExpense": "95000000", "interestAndDebtExpense": "None", "netIncomeFromContinuingOperations": "180000000", "comprehensiveIncomeNetOfTax": "None", "ebit": "306000000", "ebitda": "380000000", "netIncome": "172000000"}, {"fiscalDateEnding": "2013-07-31", "reportedCurrency": "USD", "grossProfit": "480000000", "totalRevenue": "1289000000", "costOfRevenue": "809000000", "costofGoodsAndServicesSold": "809000000", "operatingIncome": "133000000", "sellingGeneralAndAdministrative": "171000000", "researchAndDevelopment": "28000000", "operatingExpenses": "347000000", "investmentIncomeNet": "None", "netInterestIncome": "None", "interestIncome": "None", "interestExpense": "33000000", "nonInterestIncome": "None", "otherNonOperatingIncome": "3000000", "depreciation": "None", "depreciationAndAmortization": "89000000", "incomeBeforeTax": "92000000", "incomeTaxExpense": "21000000", "interestAndDebtExpense": "None", "netIncomeFromContinuingOperations": "71000000", "comprehensiveIncomeNetOfTax": "None", "ebit": "125000000", "ebitda": "214000000", "netIncome": "-158000000"}, {"fiscalDateEnding": "2013-04-30", "reportedCurrency": "USD", "grossProfit": "706000000", "totalRevenue": "1962000000", "costOfRevenue": "1256000000", "costofGoodsAndServicesSold": "1256000000", "operatingIncome": "262000000", "sellingGeneralAndAdministrative": "164000000", "researchAndDevelopment": "35000000", "operatingExpenses": "444000000", "investmentIncomeNet": "None", "netInterestIncome": "None", "interestIncome": "None", "interestExpense": "33000000", "nonInterestIncome": "None", "otherNonOperatingIncome": "2000000", "depreciation": "None", "depreciationAndAmortization": "99000000", "incomeBeforeTax": "226000000", "incomeTaxExpense": "59000000", "interestAndDebtExpense": "None", "netIncomeFromContinuingOperations": "179000000", "comprehensiveIncomeNetOfTax": "None", "ebit": "259000000", "ebitda": "358000000", "netIncome": "181000000"}, {"fiscalDateEnding": "2013-01-31", "reportedCurrency": "USD", "grossProfit": "762000000", "totalRevenue": "2162000000", "costOfRevenue": "1400000000", "costofGoodsAndServicesSold": "1400000000", "operatingIncome": "292000000", "sellingGeneralAndAdministrative": "163000000", "researchAndDevelopment": "32000000", "operatingExpenses": "470000000", "investmentIncomeNet": "None", "netInterestIncome": "None", "interestIncome": "None", "interestExpense": "33000000", "nonInterestIncome": "None", "otherNonOperatingIncome": "2000000", "depreciation": "None", "depreciationAndAmortization": "121000000", "incomeBeforeTax": "246000000", "incomeTaxExpense": "78000000", "interestAndDebtExpense": "None", "netIncomeFromContinuingOperations": "187000000", "comprehensiveIncomeNetOfTax": "None", "ebit": "279000000", "ebitda": "400000000", "netIncome": "190000000"}, {"fiscalDateEnding": "2012-10-31", "reportedCurrency": "USD", "grossProfit": "821000000", "totalRevenue": "2205000000", "costOfRevenue": "1384000000", "costofGoodsAndServicesSold": "1384000000", "operatingIncome": "403000000", "sellingGeneralAndAdministrative": "155000000", "researchAndDevelopment": "27000000", "operatingExpenses": "418000000", "investmentIncomeNet": "None", "netInterestIncome": "None", "interestIncome": "None", "interestExpense": "36000000", "nonInterestIncome": "None", "otherNonOperatingIncome": "3000000", "depreciation": "None", "depreciationAndAmortization": "98000000", "incomeBeforeTax": "335000000", "incomeTaxExpense": "105000000", "interestAndDebtExpense": "None", "netIncomeFromContinuingOperations": "243000000", "comprehensiveIncomeNetOfTax": "None", "ebit": "371000000", "ebitda": "469000000", "netIncome": "245000000"}, {"fiscalDateEnding": "2012-07-31", "reportedCurrency": "USD", "grossProfit": "621000000", "totalRevenue": "1613000000", "costOfRevenue": "992000000", "costofGoodsAndServicesSold": "992000000", "operatingIncome": "213000000", "sellingGeneralAndAdministrative": "170000000", "researchAndDevelopment": "34000000", "operatingExpenses": "408000000", "investmentIncomeNet": "None", "netInterestIncome": "None", "interestIncome": "None", "interestExpense": "27000000", "nonInterestIncome": "None", "otherNonOperatingIncome": "2000000", "depreciation": "None", "depreciationAndAmortization": "73000000", "incomeBeforeTax": "178000000", "incomeTaxExpense": "53000000", "interestAndDebtExpense": "None", "netIncomeFromContinuingOperations": "125000000", "comprehensiveIncomeNetOfTax": "None", "ebit": "205000000", "ebitda": "278000000", "netIncome": "127000000"}, {"fiscalDateEnding": "2012-04-30", "reportedCurrency": "USD", "grossProfit": "706000000", "totalRevenue": "1821000000", "costOfRevenue": "1115000000", "costofGoodsAndServicesSold": "1115000000", "operatingIncome": "274000000", "sellingGeneralAndAdministrative": "144000000", "researchAndDevelopment": "32000000", "operatingExpenses": "432000000", "investmentIncomeNet": "None", "netInterestIncome": "None", "interestIncome": "None", "interestExpense": "29000000", "nonInterestIncome": "None", "otherNonOperatingIncome": "2000000", "depreciation": "None", "depreciationAndAmortization": "65000000", "incomeBeforeTax": "237000000", "incomeTaxExpense": "62000000", "interestAndDebtExpense": "None", "netIncomeFromContinuingOperations": "175000000", "comprehensiveIncomeNetOfTax": "None", "ebit": "266000000", "ebitda": "331000000", "netIncome": "177000000"}, {"fiscalDateEnding": "2012-01-31", "reportedCurrency": "USD", "grossProfit": "811000000", "totalRevenue": "2112000000", "costOfRevenue": "1301000000", "costofGoodsAndServicesSold": "1301000000", "operatingIncome": "333000000", "sellingGeneralAndAdministrative": "152000000", "researchAndDevelopment": "29000000", "operatingExpenses": "478000000", "investmentIncomeNet": "None", "netInterestIncome": "None", "interestIncome": "None", "interestExpense": "28000000", "nonInterestIncome": "None", "otherNonOperatingIncome": "2000000", "depreciation": "None", "depreciationAndAmortization": "61000000", "incomeBeforeTax": "303000000", "incomeTaxExpense": "102000000", "interestAndDebtExpense": "None", "netIncomeFromContinuingOperations": "201000000", "comprehensiveIncomeNetOfTax": "None", "ebit": "331000000", "ebitda": "392000000", "netIncome": "205000000"}, {"fiscalDateEnding": "2011-10-31", "reportedCurrency": "USD", "grossProfit": "854000000", "totalRevenue": "2161000000", "costOfRevenue": "1307000000", "costofGoodsAndServicesSold": "1307000000", "operatingIncome": "418000000", "sellingGeneralAndAdministrative": "145000000", "researchAndDevelopment": "30000000", "operatingExpenses": "436000000", "investmentIncomeNet": "None", "netInterestIncome": "None", "interestIncome": "None", "interestExpense": "30000000", "nonInterestIncome": "None", "otherNonOperatingIncome": "2000000", "depreciation": "None", "depreciationAndAmortization": "63000000", "incomeBeforeTax": "388000000", "incomeTaxExpense": "125000000", "interestAndDebtExpense": "None", "netIncomeFromContinuingOperations": "263000000", "comprehensiveIncomeNetOfTax": "None", "ebit": "418000000", "ebitda": "481000000", "netIncome": "265000000"}, {"fiscalDateEnding": "2011-07-31", "reportedCurrency": "USD", "grossProfit": "639000000", "totalRevenue": "1607000000", "costOfRevenue": "968000000", "costofGoodsAndServicesSold": "968000000", "operatingIncome": "242000000", "sellingGeneralAndAdministrative": "170000000", "researchAndDevelopment": "34000000", "operatingExpenses": "397000000", "investmentIncomeNet": "None", "netInterestIncome": "None", "interestIncome": "None", "interestExpense": "29000000", "nonInterestIncome": "None", "otherNonOperatingIncome": "3000000", "depreciation": "None", "depreciationAndAmortization": "74000000", "incomeBeforeTax": "143000000", "incomeTaxExpense": "45000000", "interestAndDebtExpense": "None", "netIncomeFromContinuingOperations": "98000000", "comprehensiveIncomeNetOfTax": "None", "ebit": "172000000", "ebitda": "246000000", "netIncome": "100000000"}, {"fiscalDateEnding": "2011-04-30", "reportedCurrency": "USD", "grossProfit": "732000000", "totalRevenue": "1813000000", "costOfRevenue": "1081000000", "costofGoodsAndServicesSold": "1081000000", "operatingIncome": "307000000", "sellingGeneralAndAdministrative": "148000000", "researchAndDevelopment": "33000000", "operatingExpenses": "425000000", "investmentIncomeNet": "None", "netInterestIncome": "None", "interestIncome": "None", "interestExpense": "27000000", "nonInterestIncome": "None", "otherNonOperatingIncome": "3000000", "depreciation": "None", "depreciationAndAmortization": "65000000", "incomeBeforeTax": "283000000", "incomeTaxExpense": "97000000", "interestAndDebtExpense": "None", "netIncomeFromContinuingOperations": "186000000", "comprehensiveIncomeNetOfTax": "None", "ebit": "310000000", "ebitda": "375000000", "netIncome": "187000000"}, {"fiscalDateEnding": "2011-01-31", "reportedCurrency": "USD", "grossProfit": "838000000", "totalRevenue": "2127000000", "costOfRevenue": "1289000000", "costofGoodsAndServicesSold": "1289000000", "operatingIncome": "359000000", "sellingGeneralAndAdministrative": "154000000", "researchAndDevelopment": "31000000", "operatingExpenses": "479000000", "investmentIncomeNet": "None", "netInterestIncome": "None", "interestIncome": "None", "interestExpense": "34000000", "nonInterestIncome": "None", "otherNonOperatingIncome": "3000000", "depreciation": "None", "depreciationAndAmortization": "64000000", "incomeBeforeTax": "328000000", "incomeTaxExpense": "89000000", "interestAndDebtExpense": "None", "netIncomeFromContinuingOperations": "239000000", "comprehensiveIncomeNetOfTax": "None", "ebit": "362000000", "ebitda": "426000000", "netIncome": "239000000"}, {"fiscalDateEnding": "2010-10-31", "reportedCurrency": "USD", "grossProfit": "894000000", "totalRevenue": "2172000000", "costOfRevenue": "1278000000", "costofGoodsAndServicesSold": "1278000000", "operatingIncome": "444000000", "sellingGeneralAndAdministrative": "140000000", "researchAndDevelopment": "31000000", "operatingExpenses": "450000000", "investmentIncomeNet": "None", "netInterestIncome": "None", "interestIncome": "None", "interestExpense": "32000000", "nonInterestIncome": "None", "otherNonOperatingIncome": "2000000", "depreciation": "None", "depreciationAndAmortization": "65000000", "incomeBeforeTax": "414000000", "incomeTaxExpense": "135000000", "interestAndDebtExpense": "None", "netIncomeFromContinuingOperations": "279000000", "comprehensiveIncomeNetOfTax": "None", "ebit": "446000000", "ebitda": "511000000", "netIncome": "279000000"}, {"fiscalDateEnding": "2010-07-31", "reportedCurrency": "USD", "grossProfit": "613000000", "totalRevenue": "1518000000", "costOfRevenue": "905000000", "costofGoodsAndServicesSold": "905000000", "operatingIncome": "190000000", "sellingGeneralAndAdministrative": "167000000", "researchAndDevelopment": "35000000", "operatingExpenses": "423000000", "investmentIncomeNet": "None", "netInterestIncome": "None", "interestIncome": "None", "interestExpense": "28000000", "nonInterestIncome": "None", "otherNonOperatingIncome": "2000000", "depreciation": "None", "depreciationAndAmortization": "66000000", "incomeBeforeTax": "161000000", "incomeTaxExpense": "48000000", "interestAndDebtExpense": "None", "netIncomeFromContinuingOperations": "113000000", "comprehensiveIncomeNetOfTax": "None", "ebit": "189000000", "ebitda": "255000000", "netIncome": "113000000"}, {"fiscalDateEnding": "2010-04-30", "reportedCurrency": "USD", "grossProfit": "743000000", "totalRevenue": "1802000000", "costOfRevenue": "1059000000", "costofGoodsAndServicesSold": "1059000000", "operatingIncome": "304000000", "sellingGeneralAndAdministrative": "156000000", "researchAndDevelopment": "31000000", "operatingExpenses": "439000000", "investmentIncomeNet": "None", "netInterestIncome": "None", "interestIncome": "None", "interestExpense": "29000000", "nonInterestIncome": "None", "otherNonOperatingIncome": "2000000", "depreciation": "None", "depreciationAndAmortization": "63000000", "incomeBeforeTax": "265000000", "incomeTaxExpense": "97000000", "interestAndDebtExpense": "None", "netIncomeFromContinuingOperations": "168000000", "comprehensiveIncomeNetOfTax": "None", "ebit": "294000000", "ebitda": "357000000", "netIncome": "168000000"}, {"fiscalDateEnding": "2010-01-31", "reportedCurrency": "USD", "grossProfit": "871000000", "totalRevenue": "2153000000", "costOfRevenue": "1282000000", "costofGoodsAndServicesSold": "1282000000", "operatingIncome": "391000000", "sellingGeneralAndAdministrative": "149000000", "researchAndDevelopment": "28000000", "operatingExpenses": "480000000", "investmentIncomeNet": "None", "netInterestIncome": "None", "interestIncome": "None", "interestExpense": "27000000", "nonInterestIncome": "None", "otherNonOperatingIncome": "1000000", "depreciation": "None", "depreciationAndAmortization": "62000000", "incomeBeforeTax": "365000000", "incomeTaxExpense": "106000000", "interestAndDebtExpense": "None", "netIncomeFromContinuingOperations": "259000000", "comprehensiveIncomeNetOfTax": "None", "ebit": "392000000", "ebitda": "454000000", "netIncome": "259000000"}, {"fiscalDateEnding": "2009-10-31", "reportedCurrency": "USD", "grossProfit": "923000000", "totalRevenue": "2203000000", "costOfRevenue": "1280000000", "costofGoodsAndServicesSold": "1280000000", "operatingIncome": "478000000", "sellingGeneralAndAdministrative": "133000000", "researchAndDevelopment": "29000000", "operatingExpenses": "445000000", "investmentIncomeNet": "None", "netInterestIncome": "None", "interestIncome": "None", "interestExpense": "28000000", "nonInterestIncome": "None", "otherNonOperatingIncome": "1000000", "depreciation": "None", "depreciationAndAmortization": "60000000", "incomeBeforeTax": "451000000", "incomeTaxExpense": "147000000", "interestAndDebtExpense": "None", "netIncomeFromContinuingOperations": "304000000", "comprehensiveIncomeNetOfTax": "None", "ebit": "479000000", "ebitda": "539000000", "netIncome": "304000000"}, {"fiscalDateEnding": "2009-07-31", "reportedCurrency": "USD", "grossProfit": "635000000", "totalRevenue": "1528000000", "costOfRevenue": "893000000", "costofGoodsAndServicesSold": "893000000", "operatingIncome": "211000000", "sellingGeneralAndAdministrative": "184000000", "researchAndDevelopment": "31000000", "operatingExpenses": "424000000", "investmentIncomeNet": "None", "netInterestIncome": "None", "interestIncome": "None", "interestExpense": "27000000", "nonInterestIncome": "None", "otherNonOperatingIncome": "None", "depreciation": "None", "depreciationAndAmortization": "69000000", "incomeBeforeTax": "122000000", "incomeTaxExpense": "53000000", "interestAndDebtExpense": "None", "netIncomeFromContinuingOperations": "0", "comprehensiveIncomeNetOfTax": "None", "ebit": "149000000", "ebitda": "218000000", "netIncome": "69000000"}, {"fiscalDateEnding": "2009-04-30", "reportedCurrency": "USD", "grossProfit": "685000000", "totalRevenue": "1686000000", "costOfRevenue": "1001000000", "costofGoodsAndServicesSold": "1001000000", "operatingIncome": "283000000", "sellingGeneralAndAdministrative": "129000000", "researchAndDevelopment": "27000000", "operatingExpenses": "402000000", "investmentIncomeNet": "None", "netInterestIncome": "None", "interestIncome": "None", "interestExpense": "26000000", "nonInterestIncome": "None", "otherNonOperatingIncome": "None", "depreciation": "None", "depreciationAndAmortization": "62000000", "incomeBeforeTax": "260000000", "incomeTaxExpense": "86000000", "interestAndDebtExpense": "None", "netIncomeFromContinuingOperations": "0", "comprehensiveIncomeNetOfTax": "None", "ebit": "286000000", "ebitda": "348000000", "netIncome": "174000000"}, {"fiscalDateEnding": "2009-01-31", "reportedCurrency": "USD", "grossProfit": "837000000", "totalRevenue": "2122000000", "costOfRevenue": "1285000000", "costofGoodsAndServicesSold": "1285000000", "operatingIncome": "357000000", "sellingGeneralAndAdministrative": "138000000", "researchAndDevelopment": "27000000", "operatingExpenses": "480000000", "investmentIncomeNet": "None", "netInterestIncome": "None", "interestIncome": "None", "interestExpense": "26000000", "nonInterestIncome": "None", "otherNonOperatingIncome": "None", "depreciation": "None", "depreciationAndAmortization": "67000000", "incomeBeforeTax": "330000000", "incomeTaxExpense": "101000000", "interestAndDebtExpense": "None", "netIncomeFromContinuingOperations": "0", "comprehensiveIncomeNetOfTax": "None", "ebit": "356000000", "ebitda": "423000000", "netIncome": "233000000"}, {"fiscalDateEnding": "2008-10-31", "reportedCurrency": "USD", "grossProfit": "871000000", "totalRevenue": "2250000000", "costOfRevenue": "1379000000", "costofGoodsAndServicesSold": "1379000000", "operatingIncome": "395000000", "sellingGeneralAndAdministrative": "140000000", "researchAndDevelopment": "29000000", "operatingExpenses": "476000000", "investmentIncomeNet": "None", "netInterestIncome": "None", "interestIncome": "None", "interestExpense": "33000000", "nonInterestIncome": "None", "otherNonOperatingIncome": "None", "depreciation": "None", "depreciationAndAmortization": "66000000", "incomeBeforeTax": "367000000", "incomeTaxExpense": "107000000", "interestAndDebtExpense": "None", "netIncomeFromContinuingOperations": "0", "comprehensiveIncomeNetOfTax": "None", "ebit": "400000000", "ebitda": "466000000", "netIncome": "260000000"}, {"fiscalDateEnding": "2008-07-31", "reportedCurrency": "USD", "grossProfit": "664000000", "totalRevenue": "1715000000", "costOfRevenue": "1051000000", "costofGoodsAndServicesSold": "1051000000", "operatingIncome": "200000000", "sellingGeneralAndAdministrative": "168000000", "researchAndDevelopment": "33000000", "operatingExpenses": "464000000", "investmentIncomeNet": "None", "netInterestIncome": "None", "interestIncome": "None", "interestExpense": "167000000", "nonInterestIncome": "None", "otherNonOperatingIncome": "None", "depreciation": "None", "depreciationAndAmortization": "86000000", "incomeBeforeTax": "150000000", "incomeTaxExpense": "61000000", "interestAndDebtExpense": "None", "netIncomeFromContinuingOperations": "0", "comprehensiveIncomeNetOfTax": "None", "ebit": "200000000", "ebitda": "286000000", "netIncome": "89000000"}, {"fiscalDateEnding": "2008-04-30", "reportedCurrency": "USD", "grossProfit": "726000000", "totalRevenue": "1880000000", "costOfRevenue": "1154000000", "costofGoodsAndServicesSold": "1154000000", "operatingIncome": "254000000", "sellingGeneralAndAdministrative": "158000000", "researchAndDevelopment": "30000000", "operatingExpenses": "472000000", "investmentIncomeNet": "None", "netInterestIncome": "None", "interestIncome": "None", "interestExpense": "37000000", "nonInterestIncome": "None", "otherNonOperatingIncome": "None", "depreciation": "None", "depreciationAndAmortization": "70000000", "incomeBeforeTax": "45000000", "incomeTaxExpense": "-9000000", "interestAndDebtExpense": "None", "netIncomeFromContinuingOperations": "0", "comprehensiveIncomeNetOfTax": "None", "ebit": "82000000", "ebitda": "152000000", "netIncome": "532000000"}, {"fiscalDateEnding": "2008-01-31", "reportedCurrency": "USD", "grossProfit": "889000000", "totalRevenue": "2218000000", "costOfRevenue": "1329000000", "costofGoodsAndServicesSold": "1329000000", "operatingIncome": "404000000", "sellingGeneralAndAdministrative": "193000000", "researchAndDevelopment": "25000000", "operatingExpenses": "485000000", "investmentIncomeNet": "None", "netInterestIncome": "None", "interestIncome": "None", "interestExpense": "42000000", "nonInterestIncome": "None", "otherNonOperatingIncome": "None", "depreciation": "None", "depreciationAndAmortization": "70000000", "incomeBeforeTax": "358000000", "incomeTaxExpense": "98000000", "interestAndDebtExpense": "None", "netIncomeFromContinuingOperations": "0", "comprehensiveIncomeNetOfTax": "None", "ebit": "404000000", "ebitda": "474000000", "netIncome": "274000000"}, {"fiscalDateEnding": "2007-10-31", "reportedCurrency": "USD", "grossProfit": "892000000", "totalRevenue": "2185000000", "costOfRevenue": "1293000000", "costofGoodsAndServicesSold": "1293000000", "operatingIncome": "428000000", "sellingGeneralAndAdministrative": "152000000", "researchAndDevelopment": "27000000", "operatingExpenses": "464000000", "investmentIncomeNet": "None", "netInterestIncome": "None", "interestIncome": "None", "interestExpense": "42000000", "nonInterestIncome": "None", "otherNonOperatingIncome": "None", "depreciation": "None", "depreciationAndAmortization": "68000000", "incomeBeforeTax": "386000000", "incomeTaxExpense": "118000000", "interestAndDebtExpense": "None", "netIncomeFromContinuingOperations": "0", "comprehensiveIncomeNetOfTax": "None", "ebit": "428000000", "ebitda": "496000000", "netIncome": "270000000"}, {"fiscalDateEnding": "2007-07-31", "reportedCurrency": "USD", "grossProfit": "639000000", "totalRevenue": "1594000000", "costOfRevenue": "955000000", "costofGoodsAndServicesSold": "955000000", "operatingIncome": "116000000", "sellingGeneralAndAdministrative": "122000000", "researchAndDevelopment": "35000000", "operatingExpenses": "523000000", "investmentIncomeNet": "None", "netInterestIncome": "None", "interestIncome": "None", "interestExpense": "163000000", "nonInterestIncome": "None", "otherNonOperatingIncome": "None", "depreciation": "None", "depreciationAndAmortization": "82000000", "incomeBeforeTax": "92000000", "incomeTaxExpense": "39000000", "interestAndDebtExpense": "None", "netIncomeFromContinuingOperations": "0", "comprehensiveIncomeNetOfTax": "None", "ebit": "116000000", "ebitda": "198000000", "netIncome": "61000000"}, {"fiscalDateEnding": "2007-04-30", "reportedCurrency": "USD", "grossProfit": "698000000", "totalRevenue": "1750000000", "costOfRevenue": "1052000000", "costofGoodsAndServicesSold": "1052000000", "operatingIncome": "267000000", "sellingGeneralAndAdministrative": "135000000", "researchAndDevelopment": "26000000", "operatingExpenses": "431000000", "investmentIncomeNet": "None", "netInterestIncome": "None", "interestIncome": "None", "interestExpense": "27000000", "nonInterestIncome": "None", "otherNonOperatingIncome": "None", "depreciation": "None", "depreciationAndAmortization": "69000000", "incomeBeforeTax": "242000000", "incomeTaxExpense": "32000000", "interestAndDebtExpense": "None", "netIncomeFromContinuingOperations": "0", "comprehensiveIncomeNetOfTax": "None", "ebit": "267000000", "ebitda": "336000000", "netIncome": "217000000"}, {"fiscalDateEnding": "2007-01-31", "reportedCurrency": "USD", "grossProfit": "851000000", "totalRevenue": "2064000000", "costOfRevenue": "1213000000", "costofGoodsAndServicesSold": "1213000000", "operatingIncome": "381000000", "sellingGeneralAndAdministrative": "84000000", "researchAndDevelopment": "25000000", "operatingExpenses": "470000000", "investmentIncomeNet": "None", "netInterestIncome": "None", "interestIncome": "None", "interestExpense": "38000000", "nonInterestIncome": "None", "otherNonOperatingIncome": "None", "depreciation": "None", "depreciationAndAmortization": "68000000", "incomeBeforeTax": "361000000", "incomeTaxExpense": "104000000", "interestAndDebtExpense": "None", "netIncomeFromContinuingOperations": "0", "comprehensiveIncomeNetOfTax": "None", "ebit": "381000000", "ebitda": "449000000", "netIncome": "285000000"}, {"fiscalDateEnding": "2006-10-31", "reportedCurrency": "USD", "grossProfit": "917000000", "totalRevenue": "2153000000", "costOfRevenue": "1236000000", "costofGoodsAndServicesSold": "1236000000", "operatingIncome": "440000000", "sellingGeneralAndAdministrative": "135000000", "researchAndDevelopment": "26000000", "operatingExpenses": "477000000", "investmentIncomeNet": "None", "netInterestIncome": "None", "interestIncome": "None", "interestExpense": "41000000", "nonInterestIncome": "None", "otherNonOperatingIncome": "None", "depreciation": "None", "depreciationAndAmortization": "64000000", "incomeBeforeTax": "397000000", "incomeTaxExpense": "128000000", "interestAndDebtExpense": "None", "netIncomeFromContinuingOperations": "0", "comprehensiveIncomeNetOfTax": "None", "ebit": "440000000", "ebitda": "504000000", "netIncome": "291000000"}, {"fiscalDateEnding": "2006-07-31", "reportedCurrency": "USD", "grossProfit": "499000000", "totalRevenue": "1116000000", "costOfRevenue": "617000000", "costofGoodsAndServicesSold": "617000000", "operatingIncome": "76000000", "sellingGeneralAndAdministrative": "202000000", "researchAndDevelopment": "26000000", "operatingExpenses": "423000000", "investmentIncomeNet": "None", "netInterestIncome": "None", "interestIncome": "None", "interestExpense": "165000000", "nonInterestIncome": "None", "otherNonOperatingIncome": "None", "depreciation": "None", "depreciationAndAmortization": "77000000", "incomeBeforeTax": "32000000", "incomeTaxExpense": "-1000000", "interestAndDebtExpense": "None", "netIncomeFromContinuingOperations": "0", "comprehensiveIncomeNetOfTax": "None", "ebit": "76000000", "ebitda": "153000000", "netIncome": "44000000"}, {"fiscalDateEnding": "2006-04-30", "reportedCurrency": "USD", "grossProfit": "707000000", "totalRevenue": "1728000000", "costOfRevenue": "1021000000", "costofGoodsAndServicesSold": "1021000000", "operatingIncome": "250000000", "sellingGeneralAndAdministrative": "445000000", "researchAndDevelopment": "26000000", "operatingExpenses": "457000000", "investmentIncomeNet": "None", "netInterestIncome": "None", "interestIncome": "None", "interestExpense": "40000000", "nonInterestIncome": "None", "otherNonOperatingIncome": "None", "depreciation": "None", "depreciationAndAmortization": "75000000", "incomeBeforeTax": "208000000", "incomeTaxExpense": "62000000", "interestAndDebtExpense": "None", "netIncomeFromContinuingOperations": "0", "comprehensiveIncomeNetOfTax": "None", "ebit": "250000000", "ebitda": "325000000", "netIncome": "166000000"}, {"fiscalDateEnding": "2006-01-31", "reportedCurrency": "USD", "grossProfit": "908000000", "totalRevenue": "2159000000", "costOfRevenue": "1251000000", "costofGoodsAndServicesSold": "1251000000", "operatingIncome": "384000000", "sellingGeneralAndAdministrative": "136000000", "researchAndDevelopment": "24000000", "operatingExpenses": "524000000", "investmentIncomeNet": "None", "netInterestIncome": "None", "interestIncome": "None", "interestExpense": "43000000", "nonInterestIncome": "None", "otherNonOperatingIncome": "None", "depreciation": "None", "depreciationAndAmortization": "68000000", "incomeBeforeTax": "340000000", "incomeTaxExpense": "101000000", "interestAndDebtExpense": "None", "netIncomeFromContinuingOperations": "0", "comprehensiveIncomeNetOfTax": "None", "ebit": "384000000", "ebitda": "452000000", "netIncome": "254000000"}, {"fiscalDateEnding": "2005-10-31", "reportedCurrency": "USD", "grossProfit": "846000000", "totalRevenue": "2002000000", "costOfRevenue": "1156000000", "costofGoodsAndServicesSold": "1156000000", "operatingIncome": "379000000", "sellingGeneralAndAdministrative": "123000000", "researchAndDevelopment": "24000000", "operatingExpenses": "467000000", "investmentIncomeNet": "None", "netInterestIncome": "None", "interestIncome": "None", "interestExpense": "26000000", "nonInterestIncome": "None", "otherNonOperatingIncome": "None", "depreciation": "None", "depreciationAndAmortization": "69000000", "incomeBeforeTax": "355000000", "incomeTaxExpense": "69000000", "interestAndDebtExpense": "None", "netIncomeFromContinuingOperations": "0", "comprehensiveIncomeNetOfTax": "None", "ebit": "379000000", "ebitda": "448000000", "netIncome": "302000000"}]}