{"symbol": "AGMH", "annualReports": [{"fiscalDateEnding": "2024-12-31", "reportedCurrency": "USD", "grossProfit": "6856000", "totalRevenue": "32045000", "costOfRevenue": "25188000", "costofGoodsAndServicesSold": "25188000", "operatingIncome": "5947000", "sellingGeneralAndAdministrative": "909042", "researchAndDevelopment": "None", "operatingExpenses": "909042", "investmentIncomeNet": "None", "netInterestIncome": "None", "interestIncome": "None", "interestExpense": "None", "nonInterestIncome": "None", "otherNonOperatingIncome": "None", "depreciation": "None", "depreciationAndAmortization": "19303", "incomeBeforeTax": "5739000", "incomeTaxExpense": "2331000", "interestAndDebtExpense": "None", "netIncomeFromContinuingOperations": "3407637", "comprehensiveIncomeNetOfTax": "None", "ebit": "5947697", "ebitda": "5967000", "netIncome": "3119000"}, {"fiscalDateEnding": "2023-12-31", "reportedCurrency": "USD", "grossProfit": "4155311", "totalRevenue": "92907172", "costOfRevenue": "88751861", "costofGoodsAndServicesSold": "88751861", "operatingIncome": "-9241602", "sellingGeneralAndAdministrative": "13870634", "researchAndDevelopment": "0", "operatingExpenses": "13396913", "investmentIncomeNet": "None", "netInterestIncome": "None", "interestIncome": "None", "interestExpense": "None", "nonInterestIncome": "None", "otherNonOperatingIncome": "None", "depreciation": "None", "depreciationAndAmortization": "473721", "incomeBeforeTax": "9231866", "incomeTaxExpense": "-2184039", "interestAndDebtExpense": "None", "netIncomeFromContinuingOperations": "-7439280", "comprehensiveIncomeNetOfTax": "None", "ebit": "-9241602", "ebitda": "-8767881", "netIncome": "-7439280"}, {"fiscalDateEnding": "2022-12-31", "reportedCurrency": "USD", "grossProfit": "42266064", "totalRevenue": "203106017", "costOfRevenue": "160839953", "costofGoodsAndServicesSold": "160839953", "operatingIncome": "12644331", "sellingGeneralAndAdministrative": "29621733", "researchAndDevelopment": "0", "operatingExpenses": "190461686", "investmentIncomeNet": "None", "netInterestIncome": "None", "interestIncome": "None", "interestExpense": "None", "nonInterestIncome": "None", "otherNonOperatingIncome": "None", "depreciation": "None", "depreciationAndAmortization": "None", "incomeBeforeTax": "12193261", "incomeTaxExpense": "None", "interestAndDebtExpense": "None", "netIncomeFromContinuingOperations": "8755279", "comprehensiveIncomeNetOfTax": "None", "ebit": "None", "ebitda": "None", "netIncome": "11475639"}, {"fiscalDateEnding": "2021-12-31", "reportedCurrency": "USD", "grossProfit": "6597568", "totalRevenue": "36709931", "costOfRevenue": "30112363", "costofGoodsAndServicesSold": "30112363", "operatingIncome": "4933883", "sellingGeneralAndAdministrative": "1627368", "researchAndDevelopment": "36317", "operatingExpenses": "1663685", "investmentIncomeNet": "None", "netInterestIncome": "None", "interestIncome": "None", "interestExpense": "3996", "nonInterestIncome": "None", "otherNonOperatingIncome": "None", "depreciation": "None", "depreciationAndAmortization": "101710", "incomeBeforeTax": "4957861", "incomeTaxExpense": "1406166", "interestAndDebtExpense": "None", "netIncomeFromContinuingOperations": "3531713", "comprehensiveIncomeNetOfTax": "None", "ebit": "4953858", "ebitda": "5055568", "netIncome": "3551695"}, {"fiscalDateEnding": "2020-12-31", "reportedCurrency": "USD", "grossProfit": "14771", "totalRevenue": "53305", "costOfRevenue": "38534", "costofGoodsAndServicesSold": "38534", "operatingIncome": "-1013149", "sellingGeneralAndAdministrative": "964470", "researchAndDevelopment": "63450", "operatingExpenses": "1027920", "investmentIncomeNet": "None", "netInterestIncome": "None", "interestIncome": "None", "interestExpense": "17844", "nonInterestIncome": "None", "otherNonOperatingIncome": "None", "depreciation": "None", "depreciationAndAmortization": "33437", "incomeBeforeTax": "-1020804", "incomeTaxExpense": "76343", "interestAndDebtExpense": "None", "netIncomeFromContinuingOperations": "-1097148", "comprehensiveIncomeNetOfTax": "None", "ebit": "-1014629", "ebitda": "-981192", "netIncome": "-1097147"}, {"fiscalDateEnding": "2019-12-31", "reportedCurrency": "USD", "grossProfit": "466686", "totalRevenue": "709630", "costOfRevenue": "242944", "costofGoodsAndServicesSold": "242944", "operatingIncome": "-1226193", "sellingGeneralAndAdministrative": "1565760", "researchAndDevelopment": "127117", "operatingExpenses": "1692879", "investmentIncomeNet": "None", "netInterestIncome": "None", "interestIncome": "33680", "interestExpense": "213661", "nonInterestIncome": "None", "otherNonOperatingIncome": "None", "depreciation": "None", "depreciationAndAmortization": "50273", "incomeBeforeTax": "-1439854", "incomeTaxExpense": "123000", "interestAndDebtExpense": "None", "netIncomeFromContinuingOperations": "-1562855", "comprehensiveIncomeNetOfTax": "None", "ebit": "-1211354", "ebitda": "-1161081", "netIncome": "-1562855"}, {"fiscalDateEnding": "2018-12-31", "reportedCurrency": "USD", "grossProfit": "3459492", "totalRevenue": "5112520", "costOfRevenue": "1653028", "costofGoodsAndServicesSold": "1653028", "operatingIncome": "-2368846", "sellingGeneralAndAdministrative": "4800090", "researchAndDevelopment": "1028249", "operatingExpenses": "4905121", "investmentIncomeNet": "None", "netInterestIncome": "None", "interestIncome": "35170", "interestExpense": "35170", "nonInterestIncome": "None", "otherNonOperatingIncome": "0", "depreciation": "None", "depreciationAndAmortization": "382680", "incomeBeforeTax": "-2381682", "incomeTaxExpense": "-595421", "interestAndDebtExpense": "None", "netIncomeFromContinuingOperations": "-1786261", "comprehensiveIncomeNetOfTax": "None", "ebit": "-2346506", "ebitda": "-1963826", "netIncome": "-8412731"}, {"fiscalDateEnding": "2017-12-31", "reportedCurrency": "USD", "grossProfit": "9001585", "totalRevenue": "12541284", "costOfRevenue": "3539699", "costofGoodsAndServicesSold": "3539699", "operatingIncome": "5074369", "sellingGeneralAndAdministrative": "2966470", "researchAndDevelopment": "398188", "operatingExpenses": "3927216", "investmentIncomeNet": "None", "netInterestIncome": "None", "interestIncome": "None", "interestExpense": "0", "nonInterestIncome": "None", "otherNonOperatingIncome": "0", "depreciation": "None", "depreciationAndAmortization": "246529", "incomeBeforeTax": "5200785", "incomeTaxExpense": "1300894", "interestAndDebtExpense": "None", "netIncomeFromContinuingOperations": "3899891", "comprehensiveIncomeNetOfTax": "None", "ebit": "5200789", "ebitda": "5447318", "netIncome": "3899891"}, {"fiscalDateEnding": "2016-12-31", "reportedCurrency": "USD", "grossProfit": "4582271", "totalRevenue": "6882843", "costOfRevenue": "2300572", "costofGoodsAndServicesSold": "2300572", "operatingIncome": "2450705", "sellingGeneralAndAdministrative": "1842079", "researchAndDevelopment": "289487", "operatingExpenses": "2131566", "investmentIncomeNet": "None", "netInterestIncome": "None", "interestIncome": "None", "interestExpense": "0", "nonInterestIncome": "None", "otherNonOperatingIncome": "0", "depreciation": "None", "depreciationAndAmortization": "25984", "incomeBeforeTax": "2448953", "incomeTaxExpense": "783382", "interestAndDebtExpense": "None", "netIncomeFromContinuingOperations": "1665571", "comprehensiveIncomeNetOfTax": "None", "ebit": "2450705", "ebitda": "2476689", "netIncome": "2350148"}, {"fiscalDateEnding": "2015-12-31", "reportedCurrency": "USD", "grossProfit": "0", "totalRevenue": "0", "costOfRevenue": "0", "costofGoodsAndServicesSold": "0", "operatingIncome": "-150450", "sellingGeneralAndAdministrative": "58970", "researchAndDevelopment": "166703", "operatingExpenses": "150448", "investmentIncomeNet": "None", "netInterestIncome": "None", "interestIncome": "None", "interestExpense": "0", "nonInterestIncome": "None", "otherNonOperatingIncome": "0", "depreciation": "None", "depreciationAndAmortization": "225672", "incomeBeforeTax": "-150620", "incomeTaxExpense": "-225672", "interestAndDebtExpense": "None", "netIncomeFromContinuingOperations": "-225930", "comprehensiveIncomeNetOfTax": "None", "ebit": "-225930", "ebitda": "-258", "netIncome": "-150620"}], "quarterlyReports": [{"fiscalDateEnding": "2025-09-30", "reportedCurrency": "None", "grossProfit": "1178040", "totalRevenue": "10154522", "costOfRevenue": "8976482", "costofGoodsAndServicesSold": "8976482", "operatingIncome": "-162407", "sellingGeneralAndAdministrative": "None", "researchAndDevelopment": "None", "operatingExpenses": "1340447", "investmentIncomeNet": "None", "netInterestIncome": "None", "interestIncome": "None", "interestExpense": "None", "nonInterestIncome": "None", "otherNonOperatingIncome": "None", "depreciation": "None", "depreciationAndAmortization": "689", "incomeBeforeTax": "-278546", "incomeTaxExpense": "2815023", "interestAndDebtExpense": "None", "netIncomeFromContinuingOperations": "None", "comprehensiveIncomeNetOfTax": "None", "ebit": "-162407", "ebitda": "-161718", "netIncome": "-1398497"}, {"fiscalDateEnding": "2025-03-31", "reportedCurrency": "None", "grossProfit": "1178040", "totalRevenue": "10154522", "costOfRevenue": "8976482", "costofGoodsAndServicesSold": "8976482", "operatingIncome": "-162407", "sellingGeneralAndAdministrative": "None", "researchAndDevelopment": "None", "operatingExpenses": "1340447", "investmentIncomeNet": "None", "netInterestIncome": "None", "interestIncome": "None", "interestExpense": "None", "nonInterestIncome": "None", "otherNonOperatingIncome": "None", "depreciation": "None", "depreciationAndAmortization": "689", "incomeBeforeTax": "-278546", "incomeTaxExpense": "2815023", "interestAndDebtExpense": "None", "netIncomeFromContinuingOperations": "None", "comprehensiveIncomeNetOfTax": "None", "ebit": "-162407", "ebitda": "-161718", "netIncome": "-1398497"}, {"fiscalDateEnding": "2024-09-30", "reportedCurrency": "None", "grossProfit": "2571000", "totalRevenue": "14109000", "costOfRevenue": "11538000", "costofGoodsAndServicesSold": "11538000", "operatingIncome": "9943000", "sellingGeneralAndAdministrative": "None", "researchAndDevelopment": "None", "operatingExpenses": "-7372000", "investmentIncomeNet": "None", "netInterestIncome": "None", "interestIncome": "None", "interestExpense": "None", "nonInterestIncome": "None", "otherNonOperatingIncome": "None", "depreciation": "None", "depreciationAndAmortization": "167", "incomeBeforeTax": "9877000", "incomeTaxExpense": "2863000", "interestAndDebtExpense": "None", "netIncomeFromContinuingOperations": "None", "comprehensiveIncomeNetOfTax": "None", "ebit": "9943000", "ebitda": "9943167", "netIncome": "9020000"}, {"fiscalDateEnding": "2024-03-31", "reportedCurrency": "None", "grossProfit": "857438", "totalRevenue": "1913438", "costOfRevenue": "1056000", "costofGoodsAndServicesSold": "1056000", "operatingIncome": "-6969370", "sellingGeneralAndAdministrative": "None", "researchAndDevelopment": "None", "operatingExpenses": "7826808", "investmentIncomeNet": "None", "netInterestIncome": "None", "interestIncome": "None", "interestExpense": "None", "nonInterestIncome": "None", "otherNonOperatingIncome": "None", "depreciation": "None", "depreciationAndAmortization": "77406", "incomeBeforeTax": "-10402731", "incomeTaxExpense": "-5093000", "interestAndDebtExpense": "None", "netIncomeFromContinuingOperations": "None", "comprehensiveIncomeNetOfTax": "None", "ebit": "-6969370", "ebitda": "-6891964", "netIncome": "-7460891"}, {"fiscalDateEnding": "2023-09-30", "reportedCurrency": "None", "grossProfit": "1670228", "totalRevenue": "28159827", "costOfRevenue": "26489599", "costofGoodsAndServicesSold": "26489599", "operatingIncome": "-15509754", "sellingGeneralAndAdministrative": "None", "researchAndDevelopment": "None", "operatingExpenses": "17318783", "investmentIncomeNet": "None", "netInterestIncome": "None", "interestIncome": "None", "interestExpense": "None", "nonInterestIncome": "None", "otherNonOperatingIncome": "None", "depreciation": "None", "depreciationAndAmortization": "96975", "incomeBeforeTax": "-15648555", "incomeTaxExpense": "-3872037", "interestAndDebtExpense": "None", "netIncomeFromContinuingOperations": "None", "comprehensiveIncomeNetOfTax": "None", "ebit": "-15509754", "ebitda": "-15412779", "netIncome": "-11776518"}, {"fiscalDateEnding": "2023-03-31", "reportedCurrency": "None", "grossProfit": "644288", "totalRevenue": "18293759", "costOfRevenue": "17649471", "costofGoodsAndServicesSold": "17649471", "operatingIncome": "10888953", "sellingGeneralAndAdministrative": "None", "researchAndDevelopment": "None", "operatingExpenses": "10192607", "investmentIncomeNet": "None", "netInterestIncome": "None", "interestIncome": "None", "interestExpense": "None", "nonInterestIncome": "None", "otherNonOperatingIncome": "None", "depreciation": "None", "depreciationAndAmortization": "57837", "incomeBeforeTax": "10836895", "incomeTaxExpense": "2780017", "interestAndDebtExpense": "None", "netIncomeFromContinuingOperations": "None", "comprehensiveIncomeNetOfTax": "None", "ebit": "10888953", "ebitda": "10946790", "netIncome": "8056877"}, {"fiscalDateEnding": "2022-09-30", "reportedCurrency": "None", "grossProfit": "12491858", "totalRevenue": "64433340", "costOfRevenue": "51941482", "costofGoodsAndServicesSold": "51941482", "operatingIncome": "-1867989", "sellingGeneralAndAdministrative": "None", "researchAndDevelopment": "None", "operatingExpenses": "14431368", "investmentIncomeNet": "None", "netInterestIncome": "None", "interestIncome": "None", "interestExpense": "None", "nonInterestIncome": "None", "otherNonOperatingIncome": "None", "depreciation": "None", "depreciationAndAmortization": "68125", "incomeBeforeTax": "-1939510", "incomeTaxExpense": "-393812", "interestAndDebtExpense": "None", "netIncomeFromContinuingOperations": "None", "comprehensiveIncomeNetOfTax": "None", "ebit": "-1867989", "ebitda": "-1799864", "netIncome": "-1545697"}, {"fiscalDateEnding": "2022-06-30", "reportedCurrency": "USD", "grossProfit": "21604774", "totalRevenue": "113528876", "costOfRevenue": "91924102", "costofGoodsAndServicesSold": "91924102", "operatingIncome": "19929419", "sellingGeneralAndAdministrative": "None", "researchAndDevelopment": "None", "operatingExpenses": "1905345", "investmentIncomeNet": "None", "netInterestIncome": "None", "interestIncome": "None", "interestExpense": "None", "nonInterestIncome": "None", "otherNonOperatingIncome": "None", "depreciation": "None", "depreciationAndAmortization": "105348", "incomeBeforeTax": "19699428", "incomeTaxExpense": "5132394", "interestAndDebtExpense": "None", "netIncomeFromContinuingOperations": "None", "comprehensiveIncomeNetOfTax": "None", "ebit": "19929419", "ebitda": "20034767", "netIncome": "14567034"}, {"fiscalDateEnding": "2022-03-31", "reportedCurrency": "USD", "grossProfit": "10802387", "totalRevenue": "56764438", "costOfRevenue": "45962051", "costofGoodsAndServicesSold": "45962051", "operatingIncome": "9964710", "sellingGeneralAndAdministrative": "None", "researchAndDevelopment": "3508", "operatingExpenses": "952672", "investmentIncomeNet": "None", "netInterestIncome": "None", "interestIncome": "None", "interestExpense": "None", "nonInterestIncome": "None", "otherNonOperatingIncome": "None", "depreciation": "None", "depreciationAndAmortization": "105348", "incomeBeforeTax": "9849714", "incomeTaxExpense": "2566197", "interestAndDebtExpense": "None", "netIncomeFromContinuingOperations": "None", "comprehensiveIncomeNetOfTax": "None", "ebit": "9964710", "ebitda": "10070058", "netIncome": "7283517"}, {"fiscalDateEnding": "2021-12-31", "reportedCurrency": "USD", "grossProfit": "5883629", "totalRevenue": "31374035", "costOfRevenue": "25490406", "costofGoodsAndServicesSold": "25490406", "operatingIncome": "5062639", "sellingGeneralAndAdministrative": "817482", "researchAndDevelopment": "3508", "operatingExpenses": "820990", "investmentIncomeNet": "None", "netInterestIncome": "None", "interestIncome": "None", "interestExpense": "115969", "nonInterestIncome": "None", "otherNonOperatingIncome": "None", "depreciation": "None", "depreciationAndAmortization": "92143", "incomeBeforeTax": "5086465", "incomeTaxExpense": "1248936", "interestAndDebtExpense": "None", "netIncomeFromContinuingOperations": "3837529", "comprehensiveIncomeNetOfTax": "None", "ebit": "5082614", "ebitda": "5174757", "netIncome": "3837529"}, {"fiscalDateEnding": "2021-09-30", "reportedCurrency": "USD", "grossProfit": "5883629", "totalRevenue": "31374035", "costOfRevenue": "25490406", "costofGoodsAndServicesSold": "25490406", "operatingIncome": "5062639", "sellingGeneralAndAdministrative": "329391", "researchAndDevelopment": "3508", "operatingExpenses": "820990", "investmentIncomeNet": "None", "netInterestIncome": "None", "interestIncome": "None", "interestExpense": "15005", "nonInterestIncome": "None", "otherNonOperatingIncome": "None", "depreciation": "None", "depreciationAndAmortization": "92143", "incomeBeforeTax": "5086465", "incomeTaxExpense": "1248936", "interestAndDebtExpense": "None", "netIncomeFromContinuingOperations": "202009", "comprehensiveIncomeNetOfTax": "None", "ebit": "5082614", "ebitda": "5174757", "netIncome": "3837529"}, {"fiscalDateEnding": "2021-06-30", "reportedCurrency": "USD", "grossProfit": "713939", "totalRevenue": "5335896", "costOfRevenue": "4621957", "costofGoodsAndServicesSold": "4621957", "operatingIncome": "374244", "sellingGeneralAndAdministrative": "None", "researchAndDevelopment": "10304", "operatingExpenses": "339695", "investmentIncomeNet": "None", "netInterestIncome": "None", "interestIncome": "None", "interestExpense": "None", "nonInterestIncome": "None", "otherNonOperatingIncome": "None", "depreciation": "None", "depreciationAndAmortization": "1284", "incomeBeforeTax": "359239", "incomeTaxExpense": "157230", "interestAndDebtExpense": "None", "netIncomeFromContinuingOperations": "None", "comprehensiveIncomeNetOfTax": "None", "ebit": "373874", "ebitda": "375158", "netIncome": "202009"}, {"fiscalDateEnding": "2021-03-31", "reportedCurrency": "USD", "grossProfit": "4933", "totalRevenue": "13595", "costOfRevenue": "8662", "costofGoodsAndServicesSold": "8662", "operatingIncome": "-251500", "sellingGeneralAndAdministrative": "None", "researchAndDevelopment": "11253", "operatingExpenses": "253913", "investmentIncomeNet": "None", "netInterestIncome": "None", "interestIncome": "None", "interestExpense": "None", "nonInterestIncome": "None", "otherNonOperatingIncome": "None", "depreciation": "None", "depreciationAndAmortization": "3402", "incomeBeforeTax": "-253913", "incomeTaxExpense": "76343", "interestAndDebtExpense": "None", "netIncomeFromContinuingOperations": "None", "comprehensiveIncomeNetOfTax": "None", "ebit": "-251500", "ebitda": "-248098", "netIncome": "-253913"}, {"fiscalDateEnding": "2020-12-31", "reportedCurrency": "USD", "grossProfit": "4933", "totalRevenue": "13595", "costOfRevenue": "8662", "costofGoodsAndServicesSold": "8662", "operatingIncome": "-209980", "sellingGeneralAndAdministrative": "198818", "researchAndDevelopment": "16095", "operatingExpenses": "214913", "investmentIncomeNet": "None", "netInterestIncome": "None", "interestIncome": "None", "interestExpense": "193659", "nonInterestIncome": "None", "otherNonOperatingIncome": "None", "depreciation": "None", "depreciationAndAmortization": "8402", "incomeBeforeTax": "-214988", "incomeTaxExpense": "76343", "interestAndDebtExpense": "None", "netIncomeFromContinuingOperations": "-291332", "comprehensiveIncomeNetOfTax": "None", "ebit": "-209980", "ebitda": "-201578", "netIncome": "-291331"}, {"fiscalDateEnding": "2020-09-30", "reportedCurrency": "USD", "grossProfit": "21138", "totalRevenue": "31261", "costOfRevenue": "10123", "costofGoodsAndServicesSold": "10123", "operatingIncome": "-268928", "sellingGeneralAndAdministrative": "319764", "researchAndDevelopment": "16007", "operatingExpenses": "290066", "investmentIncomeNet": "None", "netInterestIncome": "None", "interestIncome": "None", "interestExpense": "None", "nonInterestIncome": "None", "otherNonOperatingIncome": "None", "depreciation": "None", "depreciationAndAmortization": "3121", "incomeBeforeTax": "-274252", "incomeTaxExpense": "1083", "interestAndDebtExpense": "None", "netIncomeFromContinuingOperations": "-274252", "comprehensiveIncomeNetOfTax": "None", "ebit": "-268928", "ebitda": "-265807", "netIncome": "-319942"}, {"fiscalDateEnding": "2020-06-30", "reportedCurrency": "USD", "grossProfit": "4329", "totalRevenue": "58906", "costOfRevenue": "54577", "costofGoodsAndServicesSold": "54577", "operatingIncome": "-331109", "sellingGeneralAndAdministrative": "319764", "researchAndDevelopment": "15674", "operatingExpenses": "54577", "investmentIncomeNet": "None", "netInterestIncome": "None", "interestIncome": "None", "interestExpense": "None", "nonInterestIncome": "None", "otherNonOperatingIncome": "None", "depreciation": "None", "depreciationAndAmortization": "10957", "incomeBeforeTax": "-328439", "incomeTaxExpense": "1083", "interestAndDebtExpense": "None", "netIncomeFromContinuingOperations": "None", "comprehensiveIncomeNetOfTax": "None", "ebit": "-328438", "ebitda": "-317481", "netIncome": "-329521"}, {"fiscalDateEnding": "2020-03-31", "reportedCurrency": "USD", "grossProfit": "-5650", "totalRevenue": "4225", "costOfRevenue": "9875", "costofGoodsAndServicesSold": "9875", "operatingIncome": "-267121", "sellingGeneralAndAdministrative": "1565760", "researchAndDevelopment": "15674", "operatingExpenses": "260132", "investmentIncomeNet": "None", "netInterestIncome": "None", "interestIncome": "None", "interestExpense": "33680", "nonInterestIncome": "None", "otherNonOperatingIncome": "None", "depreciation": "None", "depreciationAndAmortization": "8146", "incomeBeforeTax": "-265782", "incomeTaxExpense": "96551", "interestAndDebtExpense": "None", "netIncomeFromContinuingOperations": "None", "comprehensiveIncomeNetOfTax": "None", "ebit": "-267121", "ebitda": "-258975", "netIncome": "-265782"}, {"fiscalDateEnding": "2019-12-31", "reportedCurrency": "USD", "grossProfit": "466690", "totalRevenue": "709630", "costOfRevenue": "242940", "costofGoodsAndServicesSold": "242940", "operatingIncome": "-1226190", "sellingGeneralAndAdministrative": "1565760", "researchAndDevelopment": "127120", "operatingExpenses": "1692880", "investmentIncomeNet": "None", "netInterestIncome": "None", "interestIncome": "33680", "interestExpense": "33680", "nonInterestIncome": "None", "otherNonOperatingIncome": "None", "depreciation": "None", "depreciationAndAmortization": "29450", "incomeBeforeTax": "-1439850", "incomeTaxExpense": "123000", "interestAndDebtExpense": "None", "netIncomeFromContinuingOperations": "None", "comprehensiveIncomeNetOfTax": "None", "ebit": "-1406180", "ebitda": "-1376730", "netIncome": "-1562860"}, {"fiscalDateEnding": "2019-09-30", "reportedCurrency": "USD", "grossProfit": "230730", "totalRevenue": "302015", "costOfRevenue": "71285", "costofGoodsAndServicesSold": "71285", "operatingIncome": "-234733", "sellingGeneralAndAdministrative": "761950", "researchAndDevelopment": "None", "operatingExpenses": "576907", "investmentIncomeNet": "None", "netInterestIncome": "None", "interestIncome": "None", "interestExpense": "34280", "nonInterestIncome": "None", "otherNonOperatingIncome": "None", "depreciation": "None", "depreciationAndAmortization": "13987", "incomeBeforeTax": "-346177", "incomeTaxExpense": "154939", "interestAndDebtExpense": "None", "netIncomeFromContinuingOperations": "None", "comprehensiveIncomeNetOfTax": "None", "ebit": "-234733", "ebitda": "-220746", "netIncome": "-501115"}, {"fiscalDateEnding": "2019-06-30", "reportedCurrency": "USD", "grossProfit": "5230", "totalRevenue": "105600", "costOfRevenue": "100370", "costofGoodsAndServicesSold": "100370", "operatingIncome": "-756730", "sellingGeneralAndAdministrative": "761950", "researchAndDevelopment": "0", "operatingExpenses": "761960", "investmentIncomeNet": "None", "netInterestIncome": "None", "interestIncome": "34280", "interestExpense": "34280", "nonInterestIncome": "None", "otherNonOperatingIncome": "0", "depreciation": "None", "depreciationAndAmortization": "28180", "incomeBeforeTax": "-747500", "incomeTaxExpense": "-186880", "interestAndDebtExpense": "None", "netIncomeFromContinuingOperations": "-280313", "comprehensiveIncomeNetOfTax": "None", "ebit": "-713230", "ebitda": "-685050", "netIncome": "-560630"}, {"fiscalDateEnding": "2019-03-31", "reportedCurrency": "USD", "grossProfit": "2613", "totalRevenue": "52800", "costOfRevenue": "50187", "costofGoodsAndServicesSold": "50187", "operatingIncome": "-378364", "sellingGeneralAndAdministrative": "761950", "researchAndDevelopment": "1028250", "operatingExpenses": "376363", "investmentIncomeNet": "None", "netInterestIncome": "None", "interestIncome": "None", "interestExpense": "34280", "nonInterestIncome": "None", "otherNonOperatingIncome": "0", "depreciation": "None", "depreciationAndAmortization": "14089", "incomeBeforeTax": "-373750", "incomeTaxExpense": "-93438", "interestAndDebtExpense": "None", "netIncomeFromContinuingOperations": "-280313", "comprehensiveIncomeNetOfTax": "None", "ebit": "-339470", "ebitda": "-325381", "netIncome": "-280313"}, {"fiscalDateEnding": "2018-12-31", "reportedCurrency": "USD", "grossProfit": "441129", "totalRevenue": "479783", "costOfRevenue": "38654", "costofGoodsAndServicesSold": "38654", "operatingIncome": "-1227731", "sellingGeneralAndAdministrative": "4800090", "researchAndDevelopment": "315030", "operatingExpenses": "1675555", "investmentIncomeNet": "None", "netInterestIncome": "None", "interestIncome": "35170", "interestExpense": "35170", "nonInterestIncome": "None", "otherNonOperatingIncome": "0", "depreciation": "None", "depreciationAndAmortization": "13424", "incomeBeforeTax": "-1234427", "incomeTaxExpense": "-549978", "interestAndDebtExpense": "None", "netIncomeFromContinuingOperations": "-684448", "comprehensiveIncomeNetOfTax": "None", "ebit": "-1227731", "ebitda": "-1214307", "netIncome": "-684448"}, {"fiscalDateEnding": "2018-09-30", "reportedCurrency": "USD", "grossProfit": "441128", "totalRevenue": "479782", "costOfRevenue": "38654", "costofGoodsAndServicesSold": "38654", "operatingIncome": "-1227731", "sellingGeneralAndAdministrative": "892220", "researchAndDevelopment": "315031", "operatingExpenses": "1675555", "investmentIncomeNet": "None", "netInterestIncome": "None", "interestIncome": "None", "interestExpense": "0", "nonInterestIncome": "None", "otherNonOperatingIncome": "0", "depreciation": "None", "depreciationAndAmortization": "41583", "incomeBeforeTax": "-1234427", "incomeTaxExpense": "-549980", "interestAndDebtExpense": "None", "netIncomeFromContinuingOperations": "-684448", "comprehensiveIncomeNetOfTax": "None", "ebit": "-1227731", "ebitda": "-1186148", "netIncome": "-684448"}, {"fiscalDateEnding": "2018-06-30", "reportedCurrency": "USD", "grossProfit": "1288617", "totalRevenue": "2076477", "costOfRevenue": "787860", "costofGoodsAndServicesSold": "787860", "operatingIncome": "43308", "sellingGeneralAndAdministrative": "2092430", "researchAndDevelopment": "199094", "operatingExpenses": "1245032", "investmentIncomeNet": "None", "netInterestIncome": "None", "interestIncome": "None", "interestExpense": "0", "nonInterestIncome": "None", "otherNonOperatingIncome": "0", "depreciation": "None", "depreciationAndAmortization": "97900", "incomeBeforeTax": "43586", "incomeTaxExpense": "252269", "interestAndDebtExpense": "None", "netIncomeFromContinuingOperations": "-208683", "comprehensiveIncomeNetOfTax": "None", "ebit": "43308", "ebitda": "141208", "netIncome": "-208683"}, {"fiscalDateEnding": "2018-03-31", "reportedCurrency": "USD", "grossProfit": "1288617", "totalRevenue": "2076477", "costOfRevenue": "787860", "costofGoodsAndServicesSold": "787860", "operatingIncome": "43308", "sellingGeneralAndAdministrative": "1257861", "researchAndDevelopment": "199094", "operatingExpenses": "1245032", "investmentIncomeNet": "None", "netInterestIncome": "None", "interestIncome": "None", "interestExpense": "0", "nonInterestIncome": "None", "otherNonOperatingIncome": "0", "depreciation": "None", "depreciationAndAmortization": "97900", "incomeBeforeTax": "43586", "incomeTaxExpense": "252269", "interestAndDebtExpense": "None", "netIncomeFromContinuingOperations": "-208683", "comprehensiveIncomeNetOfTax": "None", "ebit": "43308", "ebitda": "141208", "netIncome": "-208683"}, {"fiscalDateEnding": "2017-12-31", "reportedCurrency": "USD", "grossProfit": "9079060", "totalRevenue": "12427740", "costOfRevenue": "3348680", "costofGoodsAndServicesSold": "3348680", "operatingIncome": "5714400", "sellingGeneralAndAdministrative": "2966470", "researchAndDevelopment": "398190", "operatingExpenses": "3364660", "investmentIncomeNet": "None", "netInterestIncome": "None", "interestIncome": "None", "interestExpense": "288", "nonInterestIncome": "None", "otherNonOperatingIncome": "None", "depreciation": "None", "depreciationAndAmortization": "246530", "incomeBeforeTax": "5720430", "incomeTaxExpense": "1300890", "interestAndDebtExpense": "None", "netIncomeFromContinuingOperations": "979241", "comprehensiveIncomeNetOfTax": "None", "ebit": "5200780", "ebitda": "5447310", "netIncome": "3899890"}, {"fiscalDateEnding": "2017-09-30", "reportedCurrency": "USD", "grossProfit": "2281590", "totalRevenue": "3315488", "costOfRevenue": "1033898", "costofGoodsAndServicesSold": "1033898", "operatingIncome": "1453704", "sellingGeneralAndAdministrative": "1132284", "researchAndDevelopment": "3736", "operatingExpenses": "828120", "investmentIncomeNet": "None", "netInterestIncome": "None", "interestIncome": "None", "interestExpense": "288", "nonInterestIncome": "None", "otherNonOperatingIncome": "None", "depreciation": "None", "depreciationAndAmortization": "8454", "incomeBeforeTax": "1453469", "incomeTaxExpense": "1129118", "interestAndDebtExpense": "None", "netIncomeFromContinuingOperations": "979241", "comprehensiveIncomeNetOfTax": "None", "ebit": "1453704", "ebitda": "1462158", "netIncome": "324351"}, {"fiscalDateEnding": "2017-06-30", "reportedCurrency": "USD", "grossProfit": "2461679", "totalRevenue": "2945294", "costOfRevenue": "483615", "costofGoodsAndServicesSold": "483615", "operatingIncome": "1336905", "sellingGeneralAndAdministrative": "628931", "researchAndDevelopment": "475045", "operatingExpenses": "1160122", "investmentIncomeNet": "None", "netInterestIncome": "None", "interestIncome": "None", "interestExpense": "288", "nonInterestIncome": "None", "otherNonOperatingIncome": "None", "depreciation": "None", "depreciationAndAmortization": "6721", "incomeBeforeTax": "1301845", "incomeTaxExpense": "331141", "interestAndDebtExpense": "None", "netIncomeFromContinuingOperations": "-970705", "comprehensiveIncomeNetOfTax": "None", "ebit": "1336905", "ebitda": "1343626", "netIncome": "970705"}, {"fiscalDateEnding": "2017-03-31", "reportedCurrency": "USD", "grossProfit": "2461679", "totalRevenue": "2945294", "costOfRevenue": "483615", "costofGoodsAndServicesSold": "483615", "operatingIncome": "1336905", "sellingGeneralAndAdministrative": "628931", "researchAndDevelopment": "475045", "operatingExpenses": "1160122", "investmentIncomeNet": "None", "netInterestIncome": "None", "interestIncome": "None", "interestExpense": "288", "nonInterestIncome": "None", "otherNonOperatingIncome": "None", "depreciation": "None", "depreciationAndAmortization": "6721", "incomeBeforeTax": "1301845", "incomeTaxExpense": "331141", "interestAndDebtExpense": "None", "netIncomeFromContinuingOperations": "970705", "comprehensiveIncomeNetOfTax": "None", "ebit": "1336905", "ebitda": "1343626", "netIncome": "970705"}, {"fiscalDateEnding": "2016-12-31", "reportedCurrency": "USD", "grossProfit": "2260191", "totalRevenue": "3184977", "costOfRevenue": "924786", "costofGoodsAndServicesSold": "924786", "operatingIncome": "1811248", "sellingGeneralAndAdministrative": "369970", "researchAndDevelopment": "131661", "operatingExpenses": "450228", "investmentIncomeNet": "None", "netInterestIncome": "None", "interestIncome": "None", "interestExpense": "0", "nonInterestIncome": "None", "otherNonOperatingIncome": "None", "depreciation": "None", "depreciationAndAmortization": "4086", "incomeBeforeTax": "1809879", "incomeTaxExpense": "391691", "interestAndDebtExpense": "None", "netIncomeFromContinuingOperations": "2350148", "comprehensiveIncomeNetOfTax": "None", "ebit": "1811248", "ebitda": "1815334", "netIncome": "1418188"}, {"fiscalDateEnding": "2016-09-30", "reportedCurrency": "None", "grossProfit": "2260191", "totalRevenue": "3184977", "costOfRevenue": "924786", "costofGoodsAndServicesSold": "924786", "operatingIncome": "1811248", "sellingGeneralAndAdministrative": "369970", "researchAndDevelopment": "131661", "operatingExpenses": "450228", "investmentIncomeNet": "None", "netInterestIncome": "None", "interestIncome": "None", "interestExpense": "None", "nonInterestIncome": "None", "otherNonOperatingIncome": "None", "depreciation": "None", "depreciationAndAmortization": "4086", "incomeBeforeTax": "1809879", "incomeTaxExpense": "391691", "interestAndDebtExpense": "None", "netIncomeFromContinuingOperations": "None", "comprehensiveIncomeNetOfTax": "None", "ebit": "1811248", "ebitda": "1815334", "netIncome": "1418188"}, {"fiscalDateEnding": "2016-06-30", "reportedCurrency": "None", "grossProfit": "403433", "totalRevenue": "667433", "costOfRevenue": "264000", "costofGoodsAndServicesSold": "264000", "operatingIncome": "-242941", "sellingGeneralAndAdministrative": "369969", "researchAndDevelopment": "276404", "operatingExpenses": "646629", "investmentIncomeNet": "None", "netInterestIncome": "None", "interestIncome": "None", "interestExpense": "None", "nonInterestIncome": "None", "otherNonOperatingIncome": "None", "depreciation": "None", "depreciationAndAmortization": "1232", "incomeBeforeTax": "-243114", "incomeTaxExpense": "None", "interestAndDebtExpense": "None", "netIncomeFromContinuingOperations": "None", "comprehensiveIncomeNetOfTax": "None", "ebit": "-242941", "ebitda": "-241709", "netIncome": "-243114"}, {"fiscalDateEnding": "2016-03-31", "reportedCurrency": "None", "grossProfit": "403433", "totalRevenue": "667433", "costOfRevenue": "264000", "costofGoodsAndServicesSold": "264000", "operatingIncome": "-242941", "sellingGeneralAndAdministrative": "369970", "researchAndDevelopment": "276405", "operatingExpenses": "646630", "investmentIncomeNet": "None", "netInterestIncome": "None", "interestIncome": "None", "interestExpense": "None", "nonInterestIncome": "None", "otherNonOperatingIncome": "None", "depreciation": "None", "depreciationAndAmortization": "1233", "incomeBeforeTax": "-243114", "incomeTaxExpense": "None", "interestAndDebtExpense": "None", "netIncomeFromContinuingOperations": "None", "comprehensiveIncomeNetOfTax": "None", "ebit": "-242941", "ebitda": "-241708", "netIncome": "-243114"}, {"fiscalDateEnding": "2015-12-31", "reportedCurrency": "USD", "grossProfit": "0", "totalRevenue": "0", "costOfRevenue": "0", "costofGoodsAndServicesSold": "0", "operatingIncome": "-225672", "sellingGeneralAndAdministrative": "58970", "researchAndDevelopment": "166703", "operatingExpenses": "225672", "investmentIncomeNet": "None", "netInterestIncome": "None", "interestIncome": "None", "interestExpense": "0", "nonInterestIncome": "None", "otherNonOperatingIncome": "None", "depreciation": "None", "depreciationAndAmortization": "None", "incomeBeforeTax": "-225930", "incomeTaxExpense": "0", "interestAndDebtExpense": "None", "netIncomeFromContinuingOperations": "-225930", "comprehensiveIncomeNetOfTax": "None", "ebit": "-225672", "ebitda": "None", "netIncome": "-225930"}]}