{"symbol": "FITB", "annualReports": [{"fiscalDateEnding": "2025-12-31", "reportedCurrency": "USD", "grossProfit": "8400000000", "totalRevenue": "12866000000", "costOfRevenue": "4466000000", "costofGoodsAndServicesSold": "4466000000", "operatingIncome": "3210000000", "sellingGeneralAndAdministrative": "2365000000", "researchAndDevelopment": "128000000", "operatingExpenses": "5190000000", "investmentIncomeNet": "None", "netInterestIncome": "None", "interestIncome": "None", "interestExpense": "3922000000", "nonInterestIncome": "None", "otherNonOperatingIncome": "None", "depreciation": "None", "depreciationAndAmortization": "405000000", "incomeBeforeTax": "3210000000", "incomeTaxExpense": "687000000", "interestAndDebtExpense": "None", "netIncomeFromContinuingOperations": "None", "comprehensiveIncomeNetOfTax": "None", "ebit": "3210000000", "ebitda": "3615000000", "netIncome": "2523000000"}, {"fiscalDateEnding": "2024-12-31", "reportedCurrency": "USD", "grossProfit": "7723000000", "totalRevenue": "13049000000", "costOfRevenue": "5326000000", "costofGoodsAndServicesSold": "5326000000", "operatingIncome": "2916000000", "sellingGeneralAndAdministrative": "3048000000", "researchAndDevelopment": "None", "operatingExpenses": "4807000000", "investmentIncomeNet": "None", "netInterestIncome": "5630000000", "interestIncome": "10426000000", "interestExpense": "4796000000", "nonInterestIncome": "None", "otherNonOperatingIncome": "None", "depreciation": "None", "depreciationAndAmortization": "495000000", "incomeBeforeTax": "2916000000", "incomeTaxExpense": "602000000", "interestAndDebtExpense": "None", "netIncomeFromContinuingOperations": "2314000000", "comprehensiveIncomeNetOfTax": "None", "ebit": "2916000000", "ebitda": "3411000000", "netIncome": "2314000000"}, {"fiscalDateEnding": "2023-12-31", "reportedCurrency": "USD", "grossProfit": "7907000000", "totalRevenue": "12355000000", "costOfRevenue": "4448000000", "costofGoodsAndServicesSold": "4448000000", "operatingIncome": "2988000000", "sellingGeneralAndAdministrative": "2988000000", "researchAndDevelopment": "None", "operatingExpenses": "4919000000", "investmentIncomeNet": "None", "netInterestIncome": "5988000000", "interestIncome": "9188000000", "interestExpense": "3933000000", "nonInterestIncome": "None", "otherNonOperatingIncome": "None", "depreciation": "None", "depreciationAndAmortization": "462000000", "incomeBeforeTax": "2988000000", "incomeTaxExpense": "639000000", "interestAndDebtExpense": "None", "netIncomeFromContinuingOperations": "2556000000", "comprehensiveIncomeNetOfTax": "None", "ebit": "2988000000", "ebitda": "3450000000", "netIncome": "2349000000"}, {"fiscalDateEnding": "2022-12-31", "reportedCurrency": "USD", "grossProfit": "7539000000", "totalRevenue": "9080000000", "costOfRevenue": "1541000000", "costofGoodsAndServicesSold": "1541000000", "operatingIncome": "3093000000", "sellingGeneralAndAdministrative": "2853000000", "researchAndDevelopment": "None", "operatingExpenses": "4446000000", "investmentIncomeNet": "None", "netInterestIncome": "5609000000", "interestIncome": "6587000000", "interestExpense": "978000000", "nonInterestIncome": "None", "otherNonOperatingIncome": "None", "depreciation": "None", "depreciationAndAmortization": "436000000", "incomeBeforeTax": "3093000000", "incomeTaxExpense": "647000000", "interestAndDebtExpense": "None", "netIncomeFromContinuingOperations": "2446000000", "comprehensiveIncomeNetOfTax": "None", "ebit": "3093000000", "ebitda": "3529000000", "netIncome": "2446000000"}, {"fiscalDateEnding": "2021-12-31", "reportedCurrency": "USD", "grossProfit": "7883000000", "totalRevenue": "7947000000", "costOfRevenue": "64000000", "costofGoodsAndServicesSold": "64000000", "operatingIncome": "3517000000", "sellingGeneralAndAdministrative": "2877000000", "researchAndDevelopment": "None", "operatingExpenses": "4366000000", "investmentIncomeNet": "None", "netInterestIncome": "4770000000", "interestIncome": "5211000000", "interestExpense": "441000000", "nonInterestIncome": "None", "otherNonOperatingIncome": "None", "depreciation": "None", "depreciationAndAmortization": "349000000", "incomeBeforeTax": "3517000000", "incomeTaxExpense": "747000000", "interestAndDebtExpense": "None", "netIncomeFromContinuingOperations": "2770000000", "comprehensiveIncomeNetOfTax": "None", "ebit": "3517000000", "ebitda": "3866000000", "netIncome": "2770000000"}, {"fiscalDateEnding": "2020-12-31", "reportedCurrency": "USD", "grossProfit": "6146000000", "totalRevenue": "8033000000", "costOfRevenue": "1887000000", "costofGoodsAndServicesSold": "1887000000", "operatingIncome": "1797000000", "sellingGeneralAndAdministrative": "2848000000", "researchAndDevelopment": "None", "operatingExpenses": "4349000000", "investmentIncomeNet": "None", "netInterestIncome": "4782000000", "interestIncome": "5572000000", "interestExpense": "790000000", "nonInterestIncome": "None", "otherNonOperatingIncome": "None", "depreciation": "None", "depreciationAndAmortization": "492000000", "incomeBeforeTax": "1797000000", "incomeTaxExpense": "370000000", "interestAndDebtExpense": "None", "netIncomeFromContinuingOperations": "1427000000", "comprehensiveIncomeNetOfTax": "None", "ebit": "1797000000", "ebitda": "2289000000", "netIncome": "1427000000"}, {"fiscalDateEnding": "2019-12-31", "reportedCurrency": "USD", "grossProfit": "6693000000", "totalRevenue": "8621000000", "costOfRevenue": "1928000000", "costofGoodsAndServicesSold": "1928000000", "operatingIncome": "3202000000", "sellingGeneralAndAdministrative": "2674000000", "researchAndDevelopment": "None", "operatingExpenses": "3491000000", "investmentIncomeNet": "None", "netInterestIncome": "4797000000", "interestIncome": "6254000000", "interestExpense": "1457000000", "nonInterestIncome": "None", "otherNonOperatingIncome": "None", "depreciation": "None", "depreciationAndAmortization": "472000000", "incomeBeforeTax": "3202000000", "incomeTaxExpense": "690000000", "interestAndDebtExpense": "None", "netIncomeFromContinuingOperations": "2512000000", "comprehensiveIncomeNetOfTax": "None", "ebit": "3202000000", "ebitda": "3674000000", "netIncome": "2512000000"}, {"fiscalDateEnding": "2018-12-31", "reportedCurrency": "USD", "grossProfit": "5891000000", "totalRevenue": "7141000000", "costOfRevenue": "1250000000", "costofGoodsAndServicesSold": "1250000000", "operatingIncome": "2765000000", "sellingGeneralAndAdministrative": "2355000000", "researchAndDevelopment": "0", "operatingExpenses": "3126000000", "investmentIncomeNet": "None", "netInterestIncome": "4140000000", "interestIncome": "5183000000", "interestExpense": "1043000000", "nonInterestIncome": "None", "otherNonOperatingIncome": "None", "depreciation": "None", "depreciationAndAmortization": "360000000", "incomeBeforeTax": "2765000000", "incomeTaxExpense": "572000000", "interestAndDebtExpense": "None", "netIncomeFromContinuingOperations": "2193000000", "comprehensiveIncomeNetOfTax": "None", "ebit": "2765000000", "ebitda": "3125000000", "netIncome": "2193000000"}, {"fiscalDateEnding": "2017-12-31", "reportedCurrency": "USD", "grossProfit": "5388000000", "totalRevenue": "6340000000", "costOfRevenue": "952000000", "costofGoodsAndServicesSold": "952000000", "operatingIncome": "2979000000", "sellingGeneralAndAdministrative": "2250000000", "researchAndDevelopment": "0", "operatingExpenses": "2409000000", "investmentIncomeNet": "None", "netInterestIncome": "3798000000", "interestIncome": "4489000000", "interestExpense": "691000000", "nonInterestIncome": "None", "otherNonOperatingIncome": "None", "depreciation": "None", "depreciationAndAmortization": "341000000", "incomeBeforeTax": "2979000000", "incomeTaxExpense": "799000000", "interestAndDebtExpense": "None", "netIncomeFromContinuingOperations": "2194000000", "comprehensiveIncomeNetOfTax": "None", "ebit": "2979000000", "ebitda": "3320000000", "netIncome": "2180000000"}, {"fiscalDateEnding": "2016-12-31", "reportedCurrency": "USD", "grossProfit": "5316000000", "totalRevenue": "6237000000", "costOfRevenue": "921000000", "costofGoodsAndServicesSold": "921000000", "operatingIncome": "2208000000", "sellingGeneralAndAdministrative": "2215000000", "researchAndDevelopment": "0", "operatingExpenses": "3108000000", "investmentIncomeNet": "None", "netInterestIncome": "3615000000", "interestIncome": "4193000000", "interestExpense": "578000000", "nonInterestIncome": "None", "otherNonOperatingIncome": "None", "depreciation": "None", "depreciationAndAmortization": "453000000", "incomeBeforeTax": "2208000000", "incomeTaxExpense": "665000000", "interestAndDebtExpense": "None", "netIncomeFromContinuingOperations": "1560000000", "comprehensiveIncomeNetOfTax": "None", "ebit": "2208000000", "ebitda": "2661000000", "netIncome": "1547000000"}, {"fiscalDateEnding": "2015-12-31", "reportedCurrency": "USD", "grossProfit": "5496000000", "totalRevenue": "6387000000", "costOfRevenue": "891000000", "costofGoodsAndServicesSold": "891000000", "operatingIncome": "2365000000", "sellingGeneralAndAdministrative": "2071000000", "researchAndDevelopment": "0", "operatingExpenses": "3131000000", "investmentIncomeNet": "None", "netInterestIncome": "3533000000", "interestIncome": "4028000000", "interestExpense": "495000000", "nonInterestIncome": "None", "otherNonOperatingIncome": "None", "depreciation": "None", "depreciationAndAmortization": "441000000", "incomeBeforeTax": "2365000000", "incomeTaxExpense": "659000000", "interestAndDebtExpense": "None", "netIncomeFromContinuingOperations": "1706000000", "comprehensiveIncomeNetOfTax": "None", "ebit": "2365000000", "ebitda": "2806000000", "netIncome": "1712000000"}, {"fiscalDateEnding": "2014-12-31", "reportedCurrency": "USD", "grossProfit": "5300000000", "totalRevenue": "6066000000", "costOfRevenue": "766000000", "costofGoodsAndServicesSold": "766000000", "operatingIncome": "2028000000", "sellingGeneralAndAdministrative": "1983000000", "researchAndDevelopment": "0", "operatingExpenses": "3272000000", "investmentIncomeNet": "None", "netInterestIncome": "None", "interestIncome": "None", "interestExpense": "451000000", "nonInterestIncome": "None", "otherNonOperatingIncome": "None", "depreciation": "None", "depreciationAndAmortization": "414000000", "incomeBeforeTax": "2028000000", "incomeTaxExpense": "545000000", "interestAndDebtExpense": "None", "netIncomeFromContinuingOperations": "1483000000", "comprehensiveIncomeNetOfTax": "None", "ebit": "2028000000", "ebitda": "2442000000", "netIncome": "1481000000"}, {"fiscalDateEnding": "2013-12-31", "reportedCurrency": "USD", "grossProfit": "5860000000", "totalRevenue": "6501000000", "costOfRevenue": "641000000", "costofGoodsAndServicesSold": "641000000", "operatingIncome": "2598000000", "sellingGeneralAndAdministrative": "2165000000", "researchAndDevelopment": "0", "operatingExpenses": "3262000000", "investmentIncomeNet": "None", "netInterestIncome": "None", "interestIncome": "None", "interestExpense": "412000000", "nonInterestIncome": "None", "otherNonOperatingIncome": "None", "depreciation": "None", "depreciationAndAmortization": "507000000", "incomeBeforeTax": "2598000000", "incomeTaxExpense": "772000000", "interestAndDebtExpense": "None", "netIncomeFromContinuingOperations": "1826000000", "comprehensiveIncomeNetOfTax": "None", "ebit": "2598000000", "ebitda": "3105000000", "netIncome": "1836000000"}, {"fiscalDateEnding": "2012-12-31", "reportedCurrency": "USD", "grossProfit": "5654000000", "totalRevenue": "6469000000", "costOfRevenue": "815000000", "costofGoodsAndServicesSold": "815000000", "operatingIncome": "2210000000", "sellingGeneralAndAdministrative": "2181000000", "researchAndDevelopment": "0", "operatingExpenses": "3444000000", "investmentIncomeNet": "None", "netInterestIncome": "None", "interestIncome": "None", "interestExpense": "512000000", "nonInterestIncome": "None", "otherNonOperatingIncome": "None", "depreciation": "None", "depreciationAndAmortization": "531000000", "incomeBeforeTax": "2210000000", "incomeTaxExpense": "636000000", "interestAndDebtExpense": "None", "netIncomeFromContinuingOperations": "1574000000", "comprehensiveIncomeNetOfTax": "None", "ebit": "2210000000", "ebitda": "2741000000", "netIncome": "1576000000"}, {"fiscalDateEnding": "2011-12-31", "reportedCurrency": "USD", "grossProfit": "5217000000", "totalRevenue": "6301000000", "costOfRevenue": "1084000000", "costofGoodsAndServicesSold": "1084000000", "operatingIncome": "1831000000", "sellingGeneralAndAdministrative": "2106000000", "researchAndDevelopment": "0", "operatingExpenses": "3386000000", "investmentIncomeNet": "None", "netInterestIncome": "None", "interestIncome": "None", "interestExpense": "661000000", "nonInterestIncome": "None", "otherNonOperatingIncome": "None", "depreciation": "None", "depreciationAndAmortization": "455000000", "incomeBeforeTax": "1831000000", "incomeTaxExpense": "533000000", "interestAndDebtExpense": "None", "netIncomeFromContinuingOperations": "None", "comprehensiveIncomeNetOfTax": "None", "ebit": "1831000000", "ebitda": "2286000000", "netIncome": "1297000000"}, {"fiscalDateEnding": "2010-12-31", "reportedCurrency": "USD", "grossProfit": "4450000000", "totalRevenue": "6873000000", "costOfRevenue": "2423000000", "costofGoodsAndServicesSold": "2423000000", "operatingIncome": "940000000", "sellingGeneralAndAdministrative": "2100000000", "researchAndDevelopment": "0", "operatingExpenses": "3510000000", "investmentIncomeNet": "None", "netInterestIncome": "None", "interestIncome": "None", "interestExpense": "885000000", "nonInterestIncome": "None", "otherNonOperatingIncome": "None", "depreciation": "None", "depreciationAndAmortization": "457000000", "incomeBeforeTax": "940000000", "incomeTaxExpense": "187000000", "interestAndDebtExpense": "None", "netIncomeFromContinuingOperations": "753000000", "comprehensiveIncomeNetOfTax": "None", "ebit": "940000000", "ebitda": "1397000000", "netIncome": "753000000"}, {"fiscalDateEnding": "2009-12-31", "reportedCurrency": "USD", "grossProfit": "2149000000", "totalRevenue": "7006000000", "costOfRevenue": "4857000000", "costofGoodsAndServicesSold": "4857000000", "operatingIncome": "767000000", "sellingGeneralAndAdministrative": "2038000000", "researchAndDevelopment": "0", "operatingExpenses": "1382000000", "investmentIncomeNet": "None", "netInterestIncome": "None", "interestIncome": "None", "interestExpense": "1314000000", "nonInterestIncome": "None", "otherNonOperatingIncome": "None", "depreciation": "None", "depreciationAndAmortization": "341000000", "incomeBeforeTax": "767000000", "incomeTaxExpense": "30000000", "interestAndDebtExpense": "None", "netIncomeFromContinuingOperations": "None", "comprehensiveIncomeNetOfTax": "None", "ebit": "767000000", "ebitda": "1108000000", "netIncome": "737000000"}, {"fiscalDateEnding": "2008-12-31", "reportedCurrency": "USD", "grossProfit": "1089000000", "totalRevenue": "7743000000", "costOfRevenue": "6654000000", "costofGoodsAndServicesSold": "6654000000", "operatingIncome": "-2664000000", "sellingGeneralAndAdministrative": "1783000000", "researchAndDevelopment": "None", "operatingExpenses": "3753000000", "investmentIncomeNet": "None", "netInterestIncome": "None", "interestIncome": "None", "interestExpense": "2094000000", "nonInterestIncome": "None", "otherNonOperatingIncome": "None", "depreciation": "None", "depreciationAndAmortization": "8000000", "incomeBeforeTax": "-2664000000", "incomeTaxExpense": "-551000000", "interestAndDebtExpense": "None", "netIncomeFromContinuingOperations": "None", "comprehensiveIncomeNetOfTax": "None", "ebit": "-2664000000", "ebitda": "-2656000000", "netIncome": "-2113000000"}, {"fiscalDateEnding": "2007-12-31", "reportedCurrency": "USD", "grossProfit": "4485000000", "totalRevenue": "8131000000", "costOfRevenue": "3646000000", "costofGoodsAndServicesSold": "3646000000", "operatingIncome": "1537000000", "sellingGeneralAndAdministrative": "1628000000", "researchAndDevelopment": "None", "operatingExpenses": "2948000000", "investmentIncomeNet": "None", "netInterestIncome": "None", "interestIncome": "None", "interestExpense": "3018000000", "nonInterestIncome": "None", "otherNonOperatingIncome": "None", "depreciation": "None", "depreciationAndAmortization": "367000000", "incomeBeforeTax": "1537000000", "incomeTaxExpense": "461000000", "interestAndDebtExpense": "None", "netIncomeFromContinuingOperations": "None", "comprehensiveIncomeNetOfTax": "None", "ebit": "1537000000", "ebitda": "1904000000", "netIncome": "1076000000"}, {"fiscalDateEnding": "2006-12-31", "reportedCurrency": "USD", "grossProfit": "4265000000", "totalRevenue": "7690000000", "costOfRevenue": "3425000000", "costofGoodsAndServicesSold": "3425000000", "operatingIncome": "1627000000", "sellingGeneralAndAdministrative": "1574000000", "researchAndDevelopment": "None", "operatingExpenses": "2638000000", "investmentIncomeNet": "None", "netInterestIncome": "None", "interestIncome": "None", "interestExpense": "3082000000", "nonInterestIncome": "None", "otherNonOperatingIncome": "None", "depreciation": "None", "depreciationAndAmortization": "399000000", "incomeBeforeTax": "1627000000", "incomeTaxExpense": "443000000", "interestAndDebtExpense": "None", "netIncomeFromContinuingOperations": "None", "comprehensiveIncomeNetOfTax": "None", "ebit": "1627000000", "ebitda": "2026000000", "netIncome": "1184000000"}], "quarterlyReports": [{"fiscalDateEnding": "2025-12-31", "reportedCurrency": "USD", "grossProfit": "2340000000", "totalRevenue": "3279000000", "costOfRevenue": "939000000", "costofGoodsAndServicesSold": "939000000", "operatingIncome": "912000000", "sellingGeneralAndAdministrative": "815000000", "researchAndDevelopment": "None", "operatingExpenses": "1428000000", "investmentIncomeNet": "None", "netInterestIncome": "None", "interestIncome": "None", "interestExpense": "939000000", "nonInterestIncome": "None", "otherNonOperatingIncome": "None", "depreciation": "None", "depreciationAndAmortization": "None", "incomeBeforeTax": "912000000", "incomeTaxExpense": "181000000", "interestAndDebtExpense": "None", "netIncomeFromContinuingOperations": "None", "comprehensiveIncomeNetOfTax": "None", "ebit": "None", "ebitda": "912000000", "netIncome": "731000000"}, {"fiscalDateEnding": "2025-09-30", "reportedCurrency": "USD", "grossProfit": "2104000000", "totalRevenue": "3300000000", "costOfRevenue": "1196000000", "costofGoodsAndServicesSold": "1196000000", "operatingIncome": "837000000", "sellingGeneralAndAdministrative": "774000000", "researchAndDevelopment": "128000000", "operatingExpenses": "1267000000", "investmentIncomeNet": "None", "netInterestIncome": "1520000000", "interestIncome": "2519000000", "interestExpense": "999000000", "nonInterestIncome": "None", "otherNonOperatingIncome": "None", "depreciation": "None", "depreciationAndAmortization": "132000000", "incomeBeforeTax": "837000000", "incomeTaxExpense": "188000000", "interestAndDebtExpense": "None", "netIncomeFromContinuingOperations": "649000000", "comprehensiveIncomeNetOfTax": "None", "ebit": "837000000", "ebitda": "969000000", "netIncome": "649000000"}, {"fiscalDateEnding": "2025-06-30", "reportedCurrency": "USD", "grossProfit": "2050000000", "totalRevenue": "3212000000", "costOfRevenue": "1162000000", "costofGoodsAndServicesSold": "1162000000", "operatingIncome": "808000000", "sellingGeneralAndAdministrative": "781000000", "researchAndDevelopment": "None", "operatingExpenses": "1242000000", "investmentIncomeNet": "None", "netInterestIncome": "1495000000", "interestIncome": "2484000000", "interestExpense": "989000000", "nonInterestIncome": "None", "otherNonOperatingIncome": "None", "depreciation": "None", "depreciationAndAmortization": "138000000", "incomeBeforeTax": "808000000", "incomeTaxExpense": "180000000", "interestAndDebtExpense": "None", "netIncomeFromContinuingOperations": "628000000", "comprehensiveIncomeNetOfTax": "None", "ebit": "808000000", "ebitda": "946000000", "netIncome": "628000000"}, {"fiscalDateEnding": "2025-03-31", "reportedCurrency": "USD", "grossProfit": "1906000000", "totalRevenue": "3075000000", "costOfRevenue": "1169000000", "costofGoodsAndServicesSold": "1169000000", "operatingIncome": "653000000", "sellingGeneralAndAdministrative": "810000000", "researchAndDevelopment": "None", "operatingExpenses": "1253000000", "investmentIncomeNet": "None", "netInterestIncome": "1437000000", "interestIncome": "2432000000", "interestExpense": "995000000", "nonInterestIncome": "None", "otherNonOperatingIncome": "None", "depreciation": "None", "depreciationAndAmortization": "135000000", "incomeBeforeTax": "653000000", "incomeTaxExpense": "138000000", "interestAndDebtExpense": "None", "netIncomeFromContinuingOperations": "515000000", "comprehensiveIncomeNetOfTax": "None", "ebit": "653000000", "ebitda": "788000000", "netIncome": "515000000"}, {"fiscalDateEnding": "2024-12-31", "reportedCurrency": "USD", "grossProfit": "1964000000", "totalRevenue": "3234000000", "costOfRevenue": "1270000000", "costofGoodsAndServicesSold": "1270000000", "operatingIncome": "765000000", "sellingGeneralAndAdministrative": "725000000", "researchAndDevelopment": "None", "operatingExpenses": "1199000000", "investmentIncomeNet": "None", "netInterestIncome": "1438000000", "interestIncome": "2529000000", "interestExpense": "1091000000", "nonInterestIncome": "None", "otherNonOperatingIncome": "None", "depreciation": "None", "depreciationAndAmortization": "124000000", "incomeBeforeTax": "765000000", "incomeTaxExpense": "145000000", "interestAndDebtExpense": "None", "netIncomeFromContinuingOperations": "620000000", "comprehensiveIncomeNetOfTax": "None", "ebit": "765000000", "ebitda": "889000000", "netIncome": "620000000"}, {"fiscalDateEnding": "2024-09-30", "reportedCurrency": "USD", "grossProfit": "1903000000", "totalRevenue": "3311000000", "costOfRevenue": "1408000000", "costofGoodsAndServicesSold": "1408000000", "operatingIncome": "728000000", "sellingGeneralAndAdministrative": "746000000", "researchAndDevelopment": "None", "operatingExpenses": "1175000000", "investmentIncomeNet": "None", "netInterestIncome": "1421000000", "interestIncome": "2669000000", "interestExpense": "1248000000", "nonInterestIncome": "None", "otherNonOperatingIncome": "None", "depreciation": "None", "depreciationAndAmortization": "123000000", "incomeBeforeTax": "728000000", "incomeTaxExpense": "155000000", "interestAndDebtExpense": "None", "netIncomeFromContinuingOperations": "573000000", "comprehensiveIncomeNetOfTax": "None", "ebit": "728000000", "ebitda": "851000000", "netIncome": "573000000"}, {"fiscalDateEnding": "2024-06-30", "reportedCurrency": "USD", "grossProfit": "1929000000", "totalRevenue": "3259000000", "costOfRevenue": "1330000000", "costofGoodsAndServicesSold": "1330000000", "operatingIncome": "764000000", "sellingGeneralAndAdministrative": "725000000", "researchAndDevelopment": "None", "operatingExpenses": "1165000000", "investmentIncomeNet": "None", "netInterestIncome": "1387000000", "interestIncome": "2620000000", "interestExpense": "1233000000", "nonInterestIncome": "None", "otherNonOperatingIncome": "None", "depreciation": "None", "depreciationAndAmortization": "120000000", "incomeBeforeTax": "764000000", "incomeTaxExpense": "163000000", "interestAndDebtExpense": "None", "netIncomeFromContinuingOperations": "601000000", "comprehensiveIncomeNetOfTax": "None", "ebit": "764000000", "ebitda": "884000000", "netIncome": "601000000"}, {"fiscalDateEnding": "2024-03-31", "reportedCurrency": "USD", "grossProfit": "1951000000", "totalRevenue": "3269000000", "costOfRevenue": "1318000000", "costofGoodsAndServicesSold": "1318000000", "operatingIncome": "658000000", "sellingGeneralAndAdministrative": "851000000", "researchAndDevelopment": "None", "operatingExpenses": "1293000000", "investmentIncomeNet": "None", "netInterestIncome": "1384000000", "interestIncome": "2608000000", "interestExpense": "1224000000", "nonInterestIncome": "None", "otherNonOperatingIncome": "None", "depreciation": "None", "depreciationAndAmortization": "128000000", "incomeBeforeTax": "658000000", "incomeTaxExpense": "138000000", "interestAndDebtExpense": "None", "netIncomeFromContinuingOperations": "520000000", "comprehensiveIncomeNetOfTax": "None", "ebit": "658000000", "ebitda": "786000000", "netIncome": "520000000"}, {"fiscalDateEnding": "2023-12-31", "reportedCurrency": "USD", "grossProfit": "2012000000", "totalRevenue": "3298000000", "costOfRevenue": "1286000000", "costofGoodsAndServicesSold": "1286000000", "operatingIncome": "650000000", "sellingGeneralAndAdministrative": "724000000", "researchAndDevelopment": "None", "operatingExpenses": "1362000000", "investmentIncomeNet": "None", "netInterestIncome": "1416000000", "interestIncome": "2647000000", "interestExpense": "1231000000", "nonInterestIncome": "None", "otherNonOperatingIncome": "None", "depreciation": "None", "depreciationAndAmortization": "115000000", "incomeBeforeTax": "650000000", "incomeTaxExpense": "120000000", "interestAndDebtExpense": "None", "netIncomeFromContinuingOperations": "530000000", "comprehensiveIncomeNetOfTax": "None", "ebit": "650000000", "ebitda": "765000000", "netIncome": "530000000"}, {"fiscalDateEnding": "2023-09-30", "reportedCurrency": "USD", "grossProfit": "1964000000", "totalRevenue": "3174000000", "costOfRevenue": "1210000000", "costofGoodsAndServicesSold": "1210000000", "operatingIncome": "846000000", "sellingGeneralAndAdministrative": "697000000", "researchAndDevelopment": "None", "operatingExpenses": "1118000000", "investmentIncomeNet": "None", "netInterestIncome": "1438000000", "interestIncome": "2529000000", "interestExpense": "1091000000", "nonInterestIncome": "None", "otherNonOperatingIncome": "None", "depreciation": "None", "depreciationAndAmortization": "115000000", "incomeBeforeTax": "846000000", "incomeTaxExpense": "186000000", "interestAndDebtExpense": "None", "netIncomeFromContinuingOperations": "660000000", "comprehensiveIncomeNetOfTax": "None", "ebit": "846000000", "ebitda": "961000000", "netIncome": "660000000"}, {"fiscalDateEnding": "2023-06-30", "reportedCurrency": "USD", "grossProfit": "1912000000", "totalRevenue": "3002000000", "costOfRevenue": "1090000000", "costofGoodsAndServicesSold": "1090000000", "operatingIncome": "775000000", "sellingGeneralAndAdministrative": "723000000", "researchAndDevelopment": "None", "operatingExpenses": "1137000000", "investmentIncomeNet": "None", "netInterestIncome": "1457000000", "interestIncome": "2370000000", "interestExpense": "913000000", "nonInterestIncome": "None", "otherNonOperatingIncome": "None", "depreciation": "None", "depreciationAndAmortization": "115000000", "incomeBeforeTax": "775000000", "incomeTaxExpense": "174000000", "interestAndDebtExpense": "None", "netIncomeFromContinuingOperations": "601000000", "comprehensiveIncomeNetOfTax": "None", "ebit": "775000000", "ebitda": "890000000", "netIncome": "601000000"}, {"fiscalDateEnding": "2023-03-31", "reportedCurrency": "USD", "grossProfit": "2213000000", "totalRevenue": "2213000000", "costOfRevenue": "860000000", "costofGoodsAndServicesSold": "860000000", "operatingIncome": "1414000000", "sellingGeneralAndAdministrative": "791000000", "researchAndDevelopment": "None", "operatingExpenses": "29000000", "investmentIncomeNet": "None", "netInterestIncome": "1517000000", "interestIncome": "2213000000", "interestExpense": "696000000", "nonInterestIncome": "None", "otherNonOperatingIncome": "None", "depreciation": "None", "depreciationAndAmortization": "-23000000", "incomeBeforeTax": "718000000", "incomeTaxExpense": "160000000", "interestAndDebtExpense": "None", "netIncomeFromContinuingOperations": "558000000", "comprehensiveIncomeNetOfTax": "None", "ebit": "1414000000", "ebitda": "1391000000", "netIncome": "558000000"}, {"fiscalDateEnding": "2022-12-31", "reportedCurrency": "USD", "grossProfit": "56000000", "totalRevenue": "2297000000", "costOfRevenue": "678000000", "costofGoodsAndServicesSold": "678000000", "operatingIncome": "1412000000", "sellingGeneralAndAdministrative": "691000000", "researchAndDevelopment": "None", "operatingExpenses": "29000000", "investmentIncomeNet": "None", "netInterestIncome": "1577000000", "interestIncome": "2075000000", "interestExpense": "498000000", "nonInterestIncome": "None", "otherNonOperatingIncome": "None", "depreciation": "None", "depreciationAndAmortization": "112000000", "incomeBeforeTax": "914000000", "incomeTaxExpense": "177000000", "interestAndDebtExpense": "None", "netIncomeFromContinuingOperations": "737000000", "comprehensiveIncomeNetOfTax": "None", "ebit": "1412000000", "ebitda": "1524000000", "netIncome": "737000000"}, {"fiscalDateEnding": "2022-09-30", "reportedCurrency": "USD", "grossProfit": "1760000000", "totalRevenue": "2432000000", "costOfRevenue": "420000000", "costofGoodsAndServicesSold": "420000000", "operatingIncome": "845000000", "sellingGeneralAndAdministrative": "675000000", "researchAndDevelopment": "None", "operatingExpenses": "35000000", "investmentIncomeNet": "None", "netInterestIncome": "1498000000", "interestIncome": "1760000000", "interestExpense": "262000000", "nonInterestIncome": "None", "otherNonOperatingIncome": "None", "depreciation": "None", "depreciationAndAmortization": "106000000", "incomeBeforeTax": "845000000", "incomeTaxExpense": "192000000", "interestAndDebtExpense": "None", "netIncomeFromContinuingOperations": "653000000", "comprehensiveIncomeNetOfTax": "None", "ebit": "979000000", "ebitda": "1085000000", "netIncome": "631000000"}, {"fiscalDateEnding": "2022-06-30", "reportedCurrency": "USD", "grossProfit": "40000000", "totalRevenue": "2140000000", "costOfRevenue": "304000000", "costofGoodsAndServicesSold": "304000000", "operatingIncome": "849000000", "sellingGeneralAndAdministrative": "615000000", "researchAndDevelopment": "None", "operatingExpenses": "24000000", "investmentIncomeNet": "None", "netInterestIncome": "1339000000", "interestIncome": "1464000000", "interestExpense": "125000000", "nonInterestIncome": "None", "otherNonOperatingIncome": "None", "depreciation": "None", "depreciationAndAmortization": "109000000", "incomeBeforeTax": "724000000", "incomeTaxExpense": "162000000", "interestAndDebtExpense": "None", "netIncomeFromContinuingOperations": "562000000", "comprehensiveIncomeNetOfTax": "None", "ebit": "849000000", "ebitda": "958000000", "netIncome": "562000000"}, {"fiscalDateEnding": "2022-03-31", "reportedCurrency": "USD", "grossProfit": "1860000000", "totalRevenue": "1879000000", "costOfRevenue": "139000000", "costofGoodsAndServicesSold": "139000000", "operatingIncome": "706000000", "sellingGeneralAndAdministrative": "743000000", "researchAndDevelopment": "None", "operatingExpenses": "24000000", "investmentIncomeNet": "None", "netInterestIncome": "1195000000", "interestIncome": "1289000000", "interestExpense": "94000000", "nonInterestIncome": "None", "otherNonOperatingIncome": "None", "depreciation": "None", "depreciationAndAmortization": "109000000", "incomeBeforeTax": "612000000", "incomeTaxExpense": "118000000", "interestAndDebtExpense": "None", "netIncomeFromContinuingOperations": "494000000", "comprehensiveIncomeNetOfTax": "None", "ebit": "706000000", "ebitda": "815000000", "netIncome": "494000000"}, {"fiscalDateEnding": "2021-12-31", "reportedCurrency": "USD", "grossProfit": "1922000000", "totalRevenue": "1974000000", "costOfRevenue": "52000000", "costofGoodsAndServicesSold": "52000000", "operatingIncome": "828000000", "sellingGeneralAndAdministrative": "728000000", "researchAndDevelopment": "None", "operatingExpenses": "1094000000", "investmentIncomeNet": "None", "netInterestIncome": "1197000000", "interestIncome": "1294000000", "interestExpense": "99000000", "nonInterestIncome": "None", "otherNonOperatingIncome": "None", "depreciation": "None", "depreciationAndAmortization": "-22000000", "incomeBeforeTax": "828000000", "incomeTaxExpense": "165000000", "interestAndDebtExpense": "None", "netIncomeFromContinuingOperations": "662000000", "comprehensiveIncomeNetOfTax": "None", "ebit": "828000000", "ebitda": "806000000", "netIncome": "663000000"}, {"fiscalDateEnding": "2021-09-30", "reportedCurrency": "USD", "grossProfit": "1972000000", "totalRevenue": "2033000000", "costOfRevenue": "61000000", "costofGoodsAndServicesSold": "61000000", "operatingIncome": "895000000", "sellingGeneralAndAdministrative": "689000000", "researchAndDevelopment": "None", "operatingExpenses": "1077000000", "investmentIncomeNet": "None", "netInterestIncome": "1189000000", "interestIncome": "1292000000", "interestExpense": "103000000", "nonInterestIncome": "None", "otherNonOperatingIncome": "None", "depreciation": "None", "depreciationAndAmortization": "128000000", "incomeBeforeTax": "895000000", "incomeTaxExpense": "191000000", "interestAndDebtExpense": "None", "netIncomeFromContinuingOperations": "704000000", "comprehensiveIncomeNetOfTax": "None", "ebit": "895000000", "ebitda": "1023000000", "netIncome": "704000000"}, {"fiscalDateEnding": "2021-06-30", "reportedCurrency": "USD", "grossProfit": "1974000000", "totalRevenue": "1974000000", "costOfRevenue": "None", "costofGoodsAndServicesSold": "None", "operatingIncome": "911000000", "sellingGeneralAndAdministrative": "701000000", "researchAndDevelopment": "None", "operatingExpenses": "1063000000", "investmentIncomeNet": "None", "netInterestIncome": "1208000000", "interestIncome": "1323000000", "interestExpense": "115000000", "nonInterestIncome": "None", "otherNonOperatingIncome": "None", "depreciation": "None", "depreciationAndAmortization": "121000000", "incomeBeforeTax": "911000000", "incomeTaxExpense": "202000000", "interestAndDebtExpense": "None", "netIncomeFromContinuingOperations": "709000000", "comprehensiveIncomeNetOfTax": "None", "ebit": "911000000", "ebitda": "1032000000", "netIncome": "709000000"}, {"fiscalDateEnding": "2021-03-31", "reportedCurrency": "USD", "grossProfit": "2020000000", "totalRevenue": "1973000000", "costOfRevenue": "-47000000", "costofGoodsAndServicesSold": "-47000000", "operatingIncome": "883000000", "sellingGeneralAndAdministrative": "769000000", "researchAndDevelopment": "None", "operatingExpenses": "1137000000", "investmentIncomeNet": "None", "netInterestIncome": "1176000000", "interestIncome": "1302000000", "interestExpense": "126000000", "nonInterestIncome": "None", "otherNonOperatingIncome": "None", "depreciation": "None", "depreciationAndAmortization": "122000000", "incomeBeforeTax": "883000000", "incomeTaxExpense": "189000000", "interestAndDebtExpense": "None", "netIncomeFromContinuingOperations": "694000000", "comprehensiveIncomeNetOfTax": "None", "ebit": "883000000", "ebitda": "1005000000", "netIncome": "694000000"}, {"fiscalDateEnding": "2020-12-31", "reportedCurrency": "USD", "grossProfit": "1835000000", "totalRevenue": "1955000000", "costOfRevenue": "120000000", "costofGoodsAndServicesSold": "120000000", "operatingIncome": "746000000", "sellingGeneralAndAdministrative": "757000000", "researchAndDevelopment": "None", "operatingExpenses": "1089000000", "investmentIncomeNet": "None", "netInterestIncome": "1182000000", "interestIncome": "1315000000", "interestExpense": "133000000", "nonInterestIncome": "None", "otherNonOperatingIncome": "None", "depreciation": "None", "depreciationAndAmortization": "134000000", "incomeBeforeTax": "746000000", "incomeTaxExpense": "142000000", "interestAndDebtExpense": "None", "netIncomeFromContinuingOperations": "605000000", "comprehensiveIncomeNetOfTax": "None", "ebit": "746000000", "ebitda": "880000000", "netIncome": "604000000"}, {"fiscalDateEnding": "2020-09-30", "reportedCurrency": "USD", "grossProfit": "1845000000", "totalRevenue": "1989000000", "costOfRevenue": "144000000", "costofGoodsAndServicesSold": "144000000", "operatingIncome": "746000000", "sellingGeneralAndAdministrative": "717000000", "researchAndDevelopment": "None", "operatingExpenses": "1099000000", "investmentIncomeNet": "None", "netInterestIncome": "1170000000", "interestIncome": "1329000000", "interestExpense": "159000000", "nonInterestIncome": "None", "otherNonOperatingIncome": "None", "depreciation": "None", "depreciationAndAmortization": "127000000", "incomeBeforeTax": "746000000", "incomeTaxExpense": "165000000", "interestAndDebtExpense": "None", "netIncomeFromContinuingOperations": "581000000", "comprehensiveIncomeNetOfTax": "None", "ebit": "746000000", "ebitda": "873000000", "netIncome": "581000000"}, {"fiscalDateEnding": "2020-06-30", "reportedCurrency": "USD", "grossProfit": "1308000000", "totalRevenue": "1996000000", "costOfRevenue": "688000000", "costofGoodsAndServicesSold": "688000000", "operatingIncome": "244000000", "sellingGeneralAndAdministrative": "692000000", "researchAndDevelopment": "None", "operatingExpenses": "1064000000", "investmentIncomeNet": "None", "netInterestIncome": "1200000000", "interestIncome": "1403000000", "interestExpense": "203000000", "nonInterestIncome": "None", "otherNonOperatingIncome": "None", "depreciation": "None", "depreciationAndAmortization": "113000000", "incomeBeforeTax": "244000000", "incomeTaxExpense": "49000000", "interestAndDebtExpense": "None", "netIncomeFromContinuingOperations": "195000000", "comprehensiveIncomeNetOfTax": "None", "ebit": "244000000", "ebitda": "357000000", "netIncome": "195000000"}, {"fiscalDateEnding": "2020-03-31", "reportedCurrency": "USD", "grossProfit": "1197000000", "totalRevenue": "2133000000", "costOfRevenue": "936000000", "costofGoodsAndServicesSold": "936000000", "operatingIncome": "60000000", "sellingGeneralAndAdministrative": "717000000", "researchAndDevelopment": "None", "operatingExpenses": "1137000000", "investmentIncomeNet": "None", "netInterestIncome": "1229000000", "interestIncome": "1525000000", "interestExpense": "296000000", "nonInterestIncome": "None", "otherNonOperatingIncome": "None", "depreciation": "None", "depreciationAndAmortization": "118000000", "incomeBeforeTax": "60000000", "incomeTaxExpense": "14000000", "interestAndDebtExpense": "None", "netIncomeFromContinuingOperations": "46000000", "comprehensiveIncomeNetOfTax": "None", "ebit": "60000000", "ebitda": "178000000", "netIncome": "46000000"}, {"fiscalDateEnding": "2019-12-31", "reportedCurrency": "USD", "grossProfit": "1682000000", "totalRevenue": "2175000000", "costOfRevenue": "493000000", "costofGoodsAndServicesSold": "493000000", "operatingIncome": "941000000", "sellingGeneralAndAdministrative": "641000000", "researchAndDevelopment": "None", "operatingExpenses": "741000000", "investmentIncomeNet": "None", "netInterestIncome": "1228000000", "interestIncome": "1560000000", "interestExpense": "332000000", "nonInterestIncome": "None", "otherNonOperatingIncome": "None", "depreciation": "None", "depreciationAndAmortization": "183000000", "incomeBeforeTax": "941000000", "incomeTaxExpense": "207000000", "interestAndDebtExpense": "None", "netIncomeFromContinuingOperations": "1510000000", "comprehensiveIncomeNetOfTax": "None", "ebit": "941000000", "ebitda": "1124000000", "netIncome": "734000000"}, {"fiscalDateEnding": "2019-09-30", "reportedCurrency": "USD", "grossProfit": "1778000000", "totalRevenue": "2295000000", "costOfRevenue": "517000000", "costofGoodsAndServicesSold": "517000000", "operatingIncome": "689000000", "sellingGeneralAndAdministrative": "658000000", "researchAndDevelopment": "None", "operatingExpenses": "1089000000", "investmentIncomeNet": "None", "netInterestIncome": "1242000000", "interestIncome": "1625000000", "interestExpense": "383000000", "nonInterestIncome": "None", "otherNonOperatingIncome": "None", "depreciation": "None", "depreciationAndAmortization": "91000000", "incomeBeforeTax": "689000000", "incomeTaxExpense": "140000000", "interestAndDebtExpense": "None", "netIncomeFromContinuingOperations": "549000000", "comprehensiveIncomeNetOfTax": "None", "ebit": "689000000", "ebitda": "780000000", "netIncome": "549000000"}, {"fiscalDateEnding": "2019-06-30", "reportedCurrency": "USD", "grossProfit": "1753000000", "totalRevenue": "2229000000", "costOfRevenue": "476000000", "costofGoodsAndServicesSold": "476000000", "operatingIncome": "577000000", "sellingGeneralAndAdministrative": "709000000", "researchAndDevelopment": "None", "operatingExpenses": "1176000000", "investmentIncomeNet": "None", "netInterestIncome": "1245000000", "interestIncome": "1636000000", "interestExpense": "391000000", "nonInterestIncome": "None", "otherNonOperatingIncome": "None", "depreciation": "None", "depreciationAndAmortization": "109000000", "incomeBeforeTax": "577000000", "incomeTaxExpense": "124000000", "interestAndDebtExpense": "None", "netIncomeFromContinuingOperations": "453000000", "comprehensiveIncomeNetOfTax": "None", "ebit": "577000000", "ebitda": "686000000", "netIncome": "453000000"}, {"fiscalDateEnding": "2019-03-31", "reportedCurrency": "USD", "grossProfit": "1491000000", "totalRevenue": "1932000000", "costOfRevenue": "441000000", "costofGoodsAndServicesSold": "441000000", "operatingIncome": "996000000", "sellingGeneralAndAdministrative": "663000000", "researchAndDevelopment": "None", "operatingExpenses": "495000000", "investmentIncomeNet": "None", "netInterestIncome": "1082000000", "interestIncome": "1433000000", "interestExpense": "351000000", "nonInterestIncome": "None", "otherNonOperatingIncome": "None", "depreciation": "None", "depreciationAndAmortization": "89000000", "incomeBeforeTax": "996000000", "incomeTaxExpense": "221000000", "interestAndDebtExpense": "None", "netIncomeFromContinuingOperations": "775000000", "comprehensiveIncomeNetOfTax": "None", "ebit": "996000000", "ebitda": "1085000000", "netIncome": "775000000"}, {"fiscalDateEnding": "2018-12-31", "reportedCurrency": "USD", "grossProfit": "1491000000", "totalRevenue": "1898000000", "costOfRevenue": "407000000", "costofGoodsAndServicesSold": "407000000", "operatingIncome": "723000000", "sellingGeneralAndAdministrative": "554000000", "researchAndDevelopment": "0", "operatingExpenses": "768000000", "investmentIncomeNet": "None", "netInterestIncome": "None", "interestIncome": "None", "interestExpense": "312000000", "nonInterestIncome": "None", "otherNonOperatingIncome": "None", "depreciation": "None", "depreciationAndAmortization": "85000000", "incomeBeforeTax": "723000000", "incomeTaxExpense": "251000000", "interestAndDebtExpense": "None", "netIncomeFromContinuingOperations": "470000000", "comprehensiveIncomeNetOfTax": "None", "ebit": "723000000", "ebitda": "808000000", "netIncome": "472000000"}, {"fiscalDateEnding": "2018-09-30", "reportedCurrency": "USD", "grossProfit": "1455000000", "totalRevenue": "1811000000", "costOfRevenue": "356000000", "costofGoodsAndServicesSold": "356000000", "operatingIncome": "550000000", "sellingGeneralAndAdministrative": "567000000", "researchAndDevelopment": "0", "operatingExpenses": "905000000", "investmentIncomeNet": "None", "netInterestIncome": "None", "interestIncome": "None", "interestExpense": "272000000", "nonInterestIncome": "None", "otherNonOperatingIncome": "None", "depreciation": "None", "depreciationAndAmortization": "49000000", "incomeBeforeTax": "550000000", "incomeTaxExpense": "114000000", "interestAndDebtExpense": "None", "netIncomeFromContinuingOperations": "433000000", "comprehensiveIncomeNetOfTax": "None", "ebit": "550000000", "ebitda": "599000000", "netIncome": "436000000"}, {"fiscalDateEnding": "2018-06-30", "reportedCurrency": "USD", "grossProfit": "1526000000", "totalRevenue": "1789000000", "costOfRevenue": "263000000", "costofGoodsAndServicesSold": "263000000", "operatingIncome": "748000000", "sellingGeneralAndAdministrative": "614000000", "researchAndDevelopment": "0", "operatingExpenses": "778000000", "investmentIncomeNet": "None", "netInterestIncome": "None", "interestIncome": "None", "interestExpense": "249000000", "nonInterestIncome": "None", "otherNonOperatingIncome": "None", "depreciation": "None", "depreciationAndAmortization": "133000000", "incomeBeforeTax": "748000000", "incomeTaxExpense": "146000000", "interestAndDebtExpense": "None", "netIncomeFromContinuingOperations": "586000000", "comprehensiveIncomeNetOfTax": "None", "ebit": "748000000", "ebitda": "881000000", "netIncome": "602000000"}, {"fiscalDateEnding": "2018-03-31", "reportedCurrency": "USD", "grossProfit": "1430000000", "totalRevenue": "1653000000", "costOfRevenue": "223000000", "costofGoodsAndServicesSold": "223000000", "operatingIncome": "882000000", "sellingGeneralAndAdministrative": "621000000", "researchAndDevelopment": "0", "operatingExpenses": "548000000", "investmentIncomeNet": "None", "netInterestIncome": "None", "interestIncome": "None", "interestExpense": "210000000", "nonInterestIncome": "None", "otherNonOperatingIncome": "None", "depreciation": "None", "depreciationAndAmortization": "93000000", "incomeBeforeTax": "882000000", "incomeTaxExpense": "181000000", "interestAndDebtExpense": "None", "netIncomeFromContinuingOperations": "704000000", "comprehensiveIncomeNetOfTax": "None", "ebit": "882000000", "ebitda": "975000000", "netIncome": "701000000"}, {"fiscalDateEnding": "2017-12-31", "reportedCurrency": "USD", "grossProfit": "1343000000", "totalRevenue": "1600000000", "costOfRevenue": "257000000", "costofGoodsAndServicesSold": "257000000", "operatingIncome": "392000000", "sellingGeneralAndAdministrative": "561000000", "researchAndDevelopment": "0", "operatingExpenses": "951000000", "investmentIncomeNet": "None", "netInterestIncome": "None", "interestIncome": "None", "interestExpense": "189000000", "nonInterestIncome": "None", "otherNonOperatingIncome": "None", "depreciation": "None", "depreciationAndAmortization": "86000000", "incomeBeforeTax": "392000000", "incomeTaxExpense": "-117000000", "interestAndDebtExpense": "None", "netIncomeFromContinuingOperations": "508000000", "comprehensiveIncomeNetOfTax": "None", "ebit": "392000000", "ebitda": "478000000", "netIncome": "509000000"}, {"fiscalDateEnding": "2017-09-30", "reportedCurrency": "USD", "grossProfit": "1357000000", "totalRevenue": "1606000000", "costOfRevenue": "249000000", "costofGoodsAndServicesSold": "249000000", "operatingIncome": "1489000000", "sellingGeneralAndAdministrative": "549000000", "researchAndDevelopment": "0", "operatingExpenses": "-132000000", "investmentIncomeNet": "None", "netInterestIncome": "None", "interestIncome": "None", "interestExpense": "182000000", "nonInterestIncome": "None", "otherNonOperatingIncome": "None", "depreciation": "None", "depreciationAndAmortization": "85000000", "incomeBeforeTax": "1489000000", "incomeTaxExpense": "475000000", "interestAndDebtExpense": "None", "netIncomeFromContinuingOperations": "1014000000", "comprehensiveIncomeNetOfTax": "None", "ebit": "1489000000", "ebitda": "1574000000", "netIncome": "1014000000"}, {"fiscalDateEnding": "2017-06-30", "reportedCurrency": "USD", "grossProfit": "1383000000", "totalRevenue": "1602000000", "costOfRevenue": "219000000", "costofGoodsAndServicesSold": "219000000", "operatingIncome": "494000000", "sellingGeneralAndAdministrative": "548000000", "researchAndDevelopment": "0", "operatingExpenses": "889000000", "investmentIncomeNet": "None", "netInterestIncome": "None", "interestIncome": "None", "interestExpense": "167000000", "nonInterestIncome": "None", "otherNonOperatingIncome": "None", "depreciation": "None", "depreciationAndAmortization": "81000000", "incomeBeforeTax": "494000000", "incomeTaxExpense": "127000000", "interestAndDebtExpense": "None", "netIncomeFromContinuingOperations": "367000000", "comprehensiveIncomeNetOfTax": "None", "ebit": "494000000", "ebitda": "575000000", "netIncome": "367000000"}, {"fiscalDateEnding": "2017-03-31", "reportedCurrency": "USD", "grossProfit": "1320000000", "totalRevenue": "1547000000", "costOfRevenue": "227000000", "costofGoodsAndServicesSold": "227000000", "operatingIncome": "396000000", "sellingGeneralAndAdministrative": "591000000", "researchAndDevelopment": "0", "operatingExpenses": "924000000", "investmentIncomeNet": "None", "netInterestIncome": "None", "interestIncome": "None", "interestExpense": "153000000", "nonInterestIncome": "None", "otherNonOperatingIncome": "None", "depreciation": "None", "depreciationAndAmortization": "89000000", "incomeBeforeTax": "396000000", "incomeTaxExpense": "91000000", "interestAndDebtExpense": "None", "netIncomeFromContinuingOperations": "305000000", "comprehensiveIncomeNetOfTax": "None", "ebit": "396000000", "ebitda": "485000000", "netIncome": "305000000"}, {"fiscalDateEnding": "2016-12-31", "reportedCurrency": "USD", "grossProfit": "1361000000", "totalRevenue": "1563000000", "costOfRevenue": "202000000", "costofGoodsAndServicesSold": "202000000", "operatingIncome": "509000000", "sellingGeneralAndAdministrative": "545000000", "researchAndDevelopment": "0", "operatingExpenses": "852000000", "investmentIncomeNet": "None", "netInterestIncome": "None", "interestIncome": "None", "interestExpense": "148000000", "nonInterestIncome": "None", "otherNonOperatingIncome": "None", "depreciation": "None", "depreciationAndAmortization": "112000000", "incomeBeforeTax": "509000000", "incomeTaxExpense": "120000000", "interestAndDebtExpense": "None", "netIncomeFromContinuingOperations": "388000000", "comprehensiveIncomeNetOfTax": "None", "ebit": "509000000", "ebitda": "621000000", "netIncome": "389000000"}, {"fiscalDateEnding": "2016-09-30", "reportedCurrency": "USD", "grossProfit": "1323000000", "totalRevenue": "1553000000", "costOfRevenue": "230000000", "costofGoodsAndServicesSold": "230000000", "operatingIncome": "694000000", "sellingGeneralAndAdministrative": "547000000", "researchAndDevelopment": "0", "operatingExpenses": "629000000", "investmentIncomeNet": "None", "netInterestIncome": "None", "interestIncome": "None", "interestExpense": "150000000", "nonInterestIncome": "None", "otherNonOperatingIncome": "None", "depreciation": "None", "depreciationAndAmortization": "113000000", "incomeBeforeTax": "694000000", "incomeTaxExpense": "178000000", "interestAndDebtExpense": "None", "netIncomeFromContinuingOperations": "516000000", "comprehensiveIncomeNetOfTax": "None", "ebit": "694000000", "ebitda": "807000000", "netIncome": "516000000"}, {"fiscalDateEnding": "2016-06-30", "reportedCurrency": "USD", "grossProfit": "1314000000", "totalRevenue": "1549000000", "costOfRevenue": "235000000", "costofGoodsAndServicesSold": "235000000", "operatingIncome": "427000000", "sellingGeneralAndAdministrative": "554000000", "researchAndDevelopment": "0", "operatingExpenses": "887000000", "investmentIncomeNet": "None", "netInterestIncome": "None", "interestIncome": "None", "interestExpense": "144000000", "nonInterestIncome": "None", "otherNonOperatingIncome": "None", "depreciation": "None", "depreciationAndAmortization": "118000000", "incomeBeforeTax": "427000000", "incomeTaxExpense": "103000000", "interestAndDebtExpense": "None", "netIncomeFromContinuingOperations": "329000000", "comprehensiveIncomeNetOfTax": "None", "ebit": "427000000", "ebitda": "545000000", "netIncome": "328000000"}, {"fiscalDateEnding": "2016-03-31", "reportedCurrency": "USD", "grossProfit": "1341000000", "totalRevenue": "1595000000", "costOfRevenue": "254000000", "costofGoodsAndServicesSold": "254000000", "operatingIncome": "435000000", "sellingGeneralAndAdministrative": "570000000", "researchAndDevelopment": "0", "operatingExpenses": "906000000", "investmentIncomeNet": "None", "netInterestIncome": "None", "interestIncome": "None", "interestExpense": "135000000", "nonInterestIncome": "None", "otherNonOperatingIncome": "None", "depreciation": "None", "depreciationAndAmortization": "110000000", "incomeBeforeTax": "435000000", "incomeTaxExpense": "109000000", "interestAndDebtExpense": "None", "netIncomeFromContinuingOperations": "327000000", "comprehensiveIncomeNetOfTax": "None", "ebit": "435000000", "ebitda": "545000000", "netIncome": "326000000"}, {"fiscalDateEnding": "2015-12-31", "reportedCurrency": "USD", "grossProfit": "1409000000", "totalRevenue": "1632000000", "costOfRevenue": "223000000", "costofGoodsAndServicesSold": "223000000", "operatingIncome": "948000000", "sellingGeneralAndAdministrative": "521000000", "researchAndDevelopment": "0", "operatingExpenses": "461000000", "investmentIncomeNet": "None", "netInterestIncome": "None", "interestIncome": "None", "interestExpense": "132000000", "nonInterestIncome": "None", "otherNonOperatingIncome": "None", "depreciation": "None", "depreciationAndAmortization": "108000000", "incomeBeforeTax": "948000000", "incomeTaxExpense": "292000000", "interestAndDebtExpense": "None", "netIncomeFromContinuingOperations": "1706000000", "comprehensiveIncomeNetOfTax": "None", "ebit": "948000000", "ebitda": "1056000000", "netIncome": "656000000"}, {"fiscalDateEnding": "2015-09-30", "reportedCurrency": "USD", "grossProfit": "1372000000", "totalRevenue": "1653000000", "costOfRevenue": "281000000", "costofGoodsAndServicesSold": "281000000", "operatingIncome": "515000000", "sellingGeneralAndAdministrative": "518000000", "researchAndDevelopment": "0", "operatingExpenses": "857000000", "investmentIncomeNet": "None", "netInterestIncome": "None", "interestIncome": "None", "interestExpense": "125000000", "nonInterestIncome": "None", "otherNonOperatingIncome": "None", "depreciation": "None", "depreciationAndAmortization": "112000000", "incomeBeforeTax": "515000000", "incomeTaxExpense": "134000000", "interestAndDebtExpense": "None", "netIncomeFromContinuingOperations": "381000000", "comprehensiveIncomeNetOfTax": "None", "ebit": "515000000", "ebitda": "627000000", "netIncome": "381000000"}, {"fiscalDateEnding": "2015-06-30", "reportedCurrency": "USD", "grossProfit": "1375000000", "totalRevenue": "1570000000", "costOfRevenue": "195000000", "costofGoodsAndServicesSold": "195000000", "operatingIncome": "417000000", "sellingGeneralAndAdministrative": "518000000", "researchAndDevelopment": "0", "operatingExpenses": "958000000", "investmentIncomeNet": "None", "netInterestIncome": "None", "interestIncome": "None", "interestExpense": "116000000", "nonInterestIncome": "None", "otherNonOperatingIncome": "None", "depreciation": "None", "depreciationAndAmortization": "114000000", "incomeBeforeTax": "417000000", "incomeTaxExpense": "108000000", "interestAndDebtExpense": "None", "netIncomeFromContinuingOperations": "309000000", "comprehensiveIncomeNetOfTax": "None", "ebit": "417000000", "ebitda": "531000000", "netIncome": "315000000"}, {"fiscalDateEnding": "2015-03-31", "reportedCurrency": "USD", "grossProfit": "1339000000", "totalRevenue": "1531000000", "costOfRevenue": "192000000", "costofGoodsAndServicesSold": "192000000", "operatingIncome": "485000000", "sellingGeneralAndAdministrative": "514000000", "researchAndDevelopment": "0", "operatingExpenses": "854000000", "investmentIncomeNet": "None", "netInterestIncome": "None", "interestIncome": "None", "interestExpense": "123000000", "nonInterestIncome": "None", "otherNonOperatingIncome": "None", "depreciation": "None", "depreciationAndAmortization": "107000000", "incomeBeforeTax": "485000000", "incomeTaxExpense": "124000000", "interestAndDebtExpense": "None", "netIncomeFromContinuingOperations": "361000000", "comprehensiveIncomeNetOfTax": "None", "ebit": "485000000", "ebitda": "592000000", "netIncome": "361000000"}, {"fiscalDateEnding": "2014-12-31", "reportedCurrency": "USD", "grossProfit": "1330000000", "totalRevenue": "1557000000", "costOfRevenue": "227000000", "costofGoodsAndServicesSold": "227000000", "operatingIncome": "519000000", "sellingGeneralAndAdministrative": "488000000", "researchAndDevelopment": "0", "operatingExpenses": "811000000", "investmentIncomeNet": "None", "netInterestIncome": "None", "interestIncome": "None", "interestExpense": "128000000", "nonInterestIncome": "None", "otherNonOperatingIncome": "None", "depreciation": "None", "depreciationAndAmortization": "107000000", "incomeBeforeTax": "519000000", "incomeTaxExpense": "134000000", "interestAndDebtExpense": "None", "netIncomeFromContinuingOperations": "385000000", "comprehensiveIncomeNetOfTax": "None", "ebit": "519000000", "ebitda": "626000000", "netIncome": "385000000"}, {"fiscalDateEnding": "2014-09-30", "reportedCurrency": "USD", "grossProfit": "1272000000", "totalRevenue": "1458000000", "costOfRevenue": "186000000", "costofGoodsAndServicesSold": "186000000", "operatingIncome": "464000000", "sellingGeneralAndAdministrative": "481000000", "researchAndDevelopment": "0", "operatingExpenses": "808000000", "investmentIncomeNet": "None", "netInterestIncome": "None", "interestIncome": "None", "interestExpense": "115000000", "nonInterestIncome": "None", "otherNonOperatingIncome": "None", "depreciation": "None", "depreciationAndAmortization": "107000000", "incomeBeforeTax": "464000000", "incomeTaxExpense": "124000000", "interestAndDebtExpense": "None", "netIncomeFromContinuingOperations": "340000000", "comprehensiveIncomeNetOfTax": "None", "ebit": "464000000", "ebitda": "571000000", "netIncome": "340000000"}, {"fiscalDateEnding": "2014-06-30", "reportedCurrency": "USD", "grossProfit": "1383000000", "totalRevenue": "1567000000", "costOfRevenue": "184000000", "costofGoodsAndServicesSold": "184000000", "operatingIncome": "606000000", "sellingGeneralAndAdministrative": "500000000", "researchAndDevelopment": "0", "operatingExpenses": "777000000", "investmentIncomeNet": "None", "netInterestIncome": "None", "interestIncome": "None", "interestExpense": "108000000", "nonInterestIncome": "None", "otherNonOperatingIncome": "None", "depreciation": "None", "depreciationAndAmortization": "102000000", "incomeBeforeTax": "606000000", "incomeTaxExpense": "167000000", "interestAndDebtExpense": "None", "netIncomeFromContinuingOperations": "439000000", "comprehensiveIncomeNetOfTax": "None", "ebit": "606000000", "ebitda": "708000000", "netIncome": "439000000"}, {"fiscalDateEnding": "2014-03-31", "reportedCurrency": "USD", "grossProfit": "1314000000", "totalRevenue": "1483000000", "costOfRevenue": "169000000", "costofGoodsAndServicesSold": "169000000", "operatingIncome": "438000000", "sellingGeneralAndAdministrative": "516000000", "researchAndDevelopment": "0", "operatingExpenses": "876000000", "investmentIncomeNet": "None", "netInterestIncome": "None", "interestIncome": "None", "interestExpense": "100000000", "nonInterestIncome": "None", "otherNonOperatingIncome": "None", "depreciation": "None", "depreciationAndAmortization": "98000000", "incomeBeforeTax": "438000000", "incomeTaxExpense": "119000000", "interestAndDebtExpense": "None", "netIncomeFromContinuingOperations": "319000000", "comprehensiveIncomeNetOfTax": "None", "ebit": "438000000", "ebitda": "536000000", "netIncome": "318000000"}, {"fiscalDateEnding": "2013-12-31", "reportedCurrency": "USD", "grossProfit": "1448000000", "totalRevenue": "1603000000", "costOfRevenue": "155000000", "costofGoodsAndServicesSold": "155000000", "operatingIncome": "561000000", "sellingGeneralAndAdministrative": "520000000", "researchAndDevelopment": "0", "operatingExpenses": "887000000", "investmentIncomeNet": "None", "netInterestIncome": "None", "interestIncome": "None", "interestExpense": "102000000", "nonInterestIncome": "None", "otherNonOperatingIncome": "None", "depreciation": "None", "depreciationAndAmortization": "97000000", "incomeBeforeTax": "561000000", "incomeTaxExpense": "159000000", "interestAndDebtExpense": "None", "netIncomeFromContinuingOperations": "402000000", "comprehensiveIncomeNetOfTax": "None", "ebit": "561000000", "ebitda": "658000000", "netIncome": "403000000"}, {"fiscalDateEnding": "2013-09-30", "reportedCurrency": "USD", "grossProfit": "1388000000", "totalRevenue": "1538000000", "costOfRevenue": "150000000", "costofGoodsAndServicesSold": "150000000", "operatingIncome": "604000000", "sellingGeneralAndAdministrative": "529000000", "researchAndDevelopment": "0", "operatingExpenses": "784000000", "investmentIncomeNet": "None", "netInterestIncome": "None", "interestIncome": "None", "interestExpense": "99000000", "nonInterestIncome": "None", "otherNonOperatingIncome": "None", "depreciation": "None", "depreciationAndAmortization": "134000000", "incomeBeforeTax": "604000000", "incomeTaxExpense": "183000000", "interestAndDebtExpense": "None", "netIncomeFromContinuingOperations": "421000000", "comprehensiveIncomeNetOfTax": "None", "ebit": "604000000", "ebitda": "738000000", "netIncome": "421000000"}, {"fiscalDateEnding": "2013-06-30", "reportedCurrency": "USD", "grossProfit": "1536000000", "totalRevenue": "1704000000", "costOfRevenue": "168000000", "costofGoodsAndServicesSold": "168000000", "operatingIncome": "841000000", "sellingGeneralAndAdministrative": "543000000", "researchAndDevelopment": "0", "operatingExpenses": "695000000", "investmentIncomeNet": "None", "netInterestIncome": "None", "interestIncome": "None", "interestExpense": "104000000", "nonInterestIncome": "None", "otherNonOperatingIncome": "None", "depreciation": "None", "depreciationAndAmortization": "139000000", "incomeBeforeTax": "841000000", "incomeTaxExpense": "250000000", "interestAndDebtExpense": "None", "netIncomeFromContinuingOperations": "591000000", "comprehensiveIncomeNetOfTax": "None", "ebit": "841000000", "ebitda": "980000000", "netIncome": "591000000"}, {"fiscalDateEnding": "2013-03-31", "reportedCurrency": "USD", "grossProfit": "1481000000", "totalRevenue": "1650000000", "costOfRevenue": "169000000", "costofGoodsAndServicesSold": "169000000", "operatingIncome": "591000000", "sellingGeneralAndAdministrative": "570000000", "researchAndDevelopment": "0", "operatingExpenses": "890000000", "investmentIncomeNet": "None", "netInterestIncome": "None", "interestIncome": "None", "interestExpense": "107000000", "nonInterestIncome": "None", "otherNonOperatingIncome": "None", "depreciation": "None", "depreciationAndAmortization": "137000000", "incomeBeforeTax": "591000000", "incomeTaxExpense": "179000000", "interestAndDebtExpense": "None", "netIncomeFromContinuingOperations": "412000000", "comprehensiveIncomeNetOfTax": "None", "ebit": "591000000", "ebitda": "728000000", "netIncome": "422000000"}, {"fiscalDateEnding": "2012-12-31", "reportedCurrency": "USD", "grossProfit": "1066000000", "totalRevenue": "1259000000", "costOfRevenue": "193000000", "costofGoodsAndServicesSold": "193000000", "operatingIncome": "540000000", "sellingGeneralAndAdministrative": "482000000", "researchAndDevelopment": "0", "operatingExpenses": "526000000", "investmentIncomeNet": "None", "netInterestIncome": "None", "interestIncome": "None", "interestExpense": "117000000", "nonInterestIncome": "None", "otherNonOperatingIncome": "None", "depreciation": "None", "depreciationAndAmortization": "143000000", "incomeBeforeTax": "540000000", "incomeTaxExpense": "145000000", "interestAndDebtExpense": "None", "netIncomeFromContinuingOperations": "0", "comprehensiveIncomeNetOfTax": "None", "ebit": "540000000", "ebitda": "683000000", "netIncome": "398000000"}, {"fiscalDateEnding": "2012-09-30", "reportedCurrency": "USD", "grossProfit": "1409000000", "totalRevenue": "1594000000", "costOfRevenue": "185000000", "costofGoodsAndServicesSold": "185000000", "operatingIncome": "503000000", "sellingGeneralAndAdministrative": "533000000", "researchAndDevelopment": "0", "operatingExpenses": "906000000", "investmentIncomeNet": "None", "netInterestIncome": "None", "interestIncome": "None", "interestExpense": "120000000", "nonInterestIncome": "None", "otherNonOperatingIncome": "None", "depreciation": "None", "depreciationAndAmortization": "134000000", "incomeBeforeTax": "503000000", "incomeTaxExpense": "139000000", "interestAndDebtExpense": "None", "netIncomeFromContinuingOperations": "0", "comprehensiveIncomeNetOfTax": "None", "ebit": "503000000", "ebitda": "637000000", "netIncome": "363000000"}, {"fiscalDateEnding": "2012-06-30", "reportedCurrency": "USD", "grossProfit": "1400000000", "totalRevenue": "1603000000", "costOfRevenue": "203000000", "costofGoodsAndServicesSold": "203000000", "operatingIncome": "565000000", "sellingGeneralAndAdministrative": "526000000", "researchAndDevelopment": "0", "operatingExpenses": "835000000", "investmentIncomeNet": "None", "netInterestIncome": "None", "interestIncome": "None", "interestExpense": "132000000", "nonInterestIncome": "None", "otherNonOperatingIncome": "None", "depreciation": "None", "depreciationAndAmortization": "126000000", "incomeBeforeTax": "565000000", "incomeTaxExpense": "180000000", "interestAndDebtExpense": "None", "netIncomeFromContinuingOperations": "0", "comprehensiveIncomeNetOfTax": "None", "ebit": "565000000", "ebitda": "691000000", "netIncome": "385000000"}, {"fiscalDateEnding": "2012-03-31", "reportedCurrency": "USD", "grossProfit": "1410000000", "totalRevenue": "1643000000", "costOfRevenue": "233000000", "costofGoodsAndServicesSold": "233000000", "operatingIncome": "603000000", "sellingGeneralAndAdministrative": "551000000", "researchAndDevelopment": "0", "operatingExpenses": "807000000", "investmentIncomeNet": "None", "netInterestIncome": "None", "interestIncome": "None", "interestExpense": "142000000", "nonInterestIncome": "None", "otherNonOperatingIncome": "None", "depreciation": "None", "depreciationAndAmortization": "128000000", "incomeBeforeTax": "603000000", "incomeTaxExpense": "173000000", "interestAndDebtExpense": "None", "netIncomeFromContinuingOperations": "0", "comprehensiveIncomeNetOfTax": "None", "ebit": "603000000", "ebitda": "731000000", "netIncome": "430000000"}, {"fiscalDateEnding": "2011-12-31", "reportedCurrency": "USD", "grossProfit": "1039000000", "totalRevenue": "1236000000", "costOfRevenue": "197000000", "costofGoodsAndServicesSold": "197000000", "operatingIncome": "418000000", "sellingGeneralAndAdministrative": "543000000", "researchAndDevelopment": "0", "operatingExpenses": "621000000", "investmentIncomeNet": "None", "netInterestIncome": "None", "interestIncome": "None", "interestExpense": "142000000", "nonInterestIncome": "None", "otherNonOperatingIncome": "None", "depreciation": "None", "depreciationAndAmortization": "129000000", "incomeBeforeTax": "418000000", "incomeTaxExpense": "104000000", "interestAndDebtExpense": "None", "netIncomeFromContinuingOperations": "0", "comprehensiveIncomeNetOfTax": "None", "ebit": "418000000", "ebitda": "547000000", "netIncome": "314000000"}, {"fiscalDateEnding": "2011-09-30", "reportedCurrency": "USD", "grossProfit": "1476000000", "totalRevenue": "1720000000", "costOfRevenue": "244000000", "costofGoodsAndServicesSold": "244000000", "operatingIncome": "530000000", "sellingGeneralAndAdministrative": "521000000", "researchAndDevelopment": "0", "operatingExpenses": "946000000", "investmentIncomeNet": "None", "netInterestIncome": "None", "interestIncome": "None", "interestExpense": "157000000", "nonInterestIncome": "None", "otherNonOperatingIncome": "None", "depreciation": "None", "depreciationAndAmortization": "111000000", "incomeBeforeTax": "530000000", "incomeTaxExpense": "149000000", "interestAndDebtExpense": "None", "netIncomeFromContinuingOperations": "381000000", "comprehensiveIncomeNetOfTax": "None", "ebit": "530000000", "ebitda": "641000000", "netIncome": "381000000"}, {"fiscalDateEnding": "2011-06-30", "reportedCurrency": "USD", "grossProfit": "1407000000", "totalRevenue": "1701000000", "costOfRevenue": "294000000", "costofGoodsAndServicesSold": "294000000", "operatingIncome": "506000000", "sellingGeneralAndAdministrative": "521000000", "researchAndDevelopment": "0", "operatingExpenses": "901000000", "investmentIncomeNet": "None", "netInterestIncome": "None", "interestIncome": "None", "interestExpense": "181000000", "nonInterestIncome": "None", "otherNonOperatingIncome": "None", "depreciation": "None", "depreciationAndAmortization": "103000000", "incomeBeforeTax": "506000000", "incomeTaxExpense": "169000000", "interestAndDebtExpense": "None", "netIncomeFromContinuingOperations": "337000000", "comprehensiveIncomeNetOfTax": "None", "ebit": "506000000", "ebitda": "609000000", "netIncome": "337000000"}, {"fiscalDateEnding": "2011-03-31", "reportedCurrency": "USD", "grossProfit": "1295000000", "totalRevenue": "1644000000", "costOfRevenue": "349000000", "costofGoodsAndServicesSold": "349000000", "operatingIncome": "377000000", "sellingGeneralAndAdministrative": "522000000", "researchAndDevelopment": "0", "operatingExpenses": "918000000", "investmentIncomeNet": "None", "netInterestIncome": "None", "interestIncome": "None", "interestExpense": "181000000", "nonInterestIncome": "None", "otherNonOperatingIncome": "None", "depreciation": "None", "depreciationAndAmortization": "112000000", "incomeBeforeTax": "377000000", "incomeTaxExpense": "112000000", "interestAndDebtExpense": "None", "netIncomeFromContinuingOperations": "265000000", "comprehensiveIncomeNetOfTax": "None", "ebit": "377000000", "ebitda": "489000000", "netIncome": "265000000"}, {"fiscalDateEnding": "2010-12-31", "reportedCurrency": "USD", "grossProfit": "1084000000", "totalRevenue": "1440000000", "costOfRevenue": "356000000", "costofGoodsAndServicesSold": "356000000", "operatingIncome": "417000000", "sellingGeneralAndAdministrative": "593000000", "researchAndDevelopment": "0", "operatingExpenses": "667000000", "investmentIncomeNet": "None", "netInterestIncome": "None", "interestIncome": "None", "interestExpense": "190000000", "nonInterestIncome": "None", "otherNonOperatingIncome": "None", "depreciation": "None", "depreciationAndAmortization": "130000000", "incomeBeforeTax": "417000000", "incomeTaxExpense": "84000000", "interestAndDebtExpense": "None", "netIncomeFromContinuingOperations": "0", "comprehensiveIncomeNetOfTax": "None", "ebit": "417000000", "ebitda": "547000000", "netIncome": "333000000"}, {"fiscalDateEnding": "2010-09-30", "reportedCurrency": "USD", "grossProfit": "1282000000", "totalRevenue": "1953000000", "costOfRevenue": "671000000", "costofGoodsAndServicesSold": "671000000", "operatingIncome": "303000000", "sellingGeneralAndAdministrative": "516000000", "researchAndDevelopment": "0", "operatingExpenses": "979000000", "investmentIncomeNet": "None", "netInterestIncome": "None", "interestIncome": "None", "interestExpense": "214000000", "nonInterestIncome": "None", "otherNonOperatingIncome": "None", "depreciation": "None", "depreciationAndAmortization": "121000000", "incomeBeforeTax": "303000000", "incomeTaxExpense": "65000000", "interestAndDebtExpense": "None", "netIncomeFromContinuingOperations": "0", "comprehensiveIncomeNetOfTax": "None", "ebit": "303000000", "ebitda": "424000000", "netIncome": "238000000"}, {"fiscalDateEnding": "2010-06-30", "reportedCurrency": "USD", "grossProfit": "1177000000", "totalRevenue": "1736000000", "costOfRevenue": "559000000", "costofGoodsAndServicesSold": "559000000", "operatingIncome": "242000000", "sellingGeneralAndAdministrative": "505000000", "researchAndDevelopment": "0", "operatingExpenses": "935000000", "investmentIncomeNet": "None", "netInterestIncome": "None", "interestIncome": "None", "interestExpense": "234000000", "nonInterestIncome": "None", "otherNonOperatingIncome": "None", "depreciation": "None", "depreciationAndAmortization": "109000000", "incomeBeforeTax": "242000000", "incomeTaxExpense": "50000000", "interestAndDebtExpense": "None", "netIncomeFromContinuingOperations": "0", "comprehensiveIncomeNetOfTax": "None", "ebit": "242000000", "ebitda": "351000000", "netIncome": "192000000"}, {"fiscalDateEnding": "2010-03-31", "reportedCurrency": "USD", "grossProfit": "934000000", "totalRevenue": "1770000000", "costOfRevenue": "836000000", "costofGoodsAndServicesSold": "836000000", "operatingIncome": "-22000000", "sellingGeneralAndAdministrative": "485000000", "researchAndDevelopment": "0", "operatingExpenses": "956000000", "investmentIncomeNet": "None", "netInterestIncome": "None", "interestIncome": "None", "interestExpense": "246000000", "nonInterestIncome": "None", "otherNonOperatingIncome": "None", "depreciation": "None", "depreciationAndAmortization": "97000000", "incomeBeforeTax": "-22000000", "incomeTaxExpense": "-12000000", "interestAndDebtExpense": "None", "netIncomeFromContinuingOperations": "0", "comprehensiveIncomeNetOfTax": "None", "ebit": "-22000000", "ebitda": "75000000", "netIncome": "-10000000"}, {"fiscalDateEnding": "2009-12-31", "reportedCurrency": "USD", "grossProfit": "82000000", "totalRevenue": "1124000000", "costOfRevenue": "1042000000", "costofGoodsAndServicesSold": "1042000000", "operatingIncome": "-214000000", "sellingGeneralAndAdministrative": "656000000", "researchAndDevelopment": "0", "operatingExpenses": "296000000", "investmentIncomeNet": "None", "netInterestIncome": "None", "interestIncome": "None", "interestExpense": "265000000", "nonInterestIncome": "None", "otherNonOperatingIncome": "None", "depreciation": "None", "depreciationAndAmortization": "83000000", "incomeBeforeTax": "-214000000", "incomeTaxExpense": "-116000000", "interestAndDebtExpense": "None", "netIncomeFromContinuingOperations": "0", "comprehensiveIncomeNetOfTax": "None", "ebit": "-214000000", "ebitda": "-131000000", "netIncome": "-98000000"}, {"fiscalDateEnding": "2009-09-30", "reportedCurrency": "USD", "grossProfit": "774000000", "totalRevenue": "2026000000", "costOfRevenue": "1252000000", "costofGoodsAndServicesSold": "1252000000", "operatingIncome": "-108000000", "sellingGeneralAndAdministrative": "486000000", "researchAndDevelopment": "0", "operatingExpenses": "882000000", "investmentIncomeNet": "None", "netInterestIncome": "None", "interestIncome": "None", "interestExpense": "300000000", "nonInterestIncome": "None", "otherNonOperatingIncome": "None", "depreciation": "None", "depreciationAndAmortization": "76000000", "incomeBeforeTax": "-108000000", "incomeTaxExpense": "-11000000", "interestAndDebtExpense": "None", "netIncomeFromContinuingOperations": "0", "comprehensiveIncomeNetOfTax": "None", "ebit": "-108000000", "ebitda": "-32000000", "netIncome": "-97000000"}, {"fiscalDateEnding": "2009-06-30", "reportedCurrency": "USD", "grossProfit": "609000000", "totalRevenue": "1998000000", "costOfRevenue": "1389000000", "costofGoodsAndServicesSold": "1389000000", "operatingIncome": "1352000000", "sellingGeneralAndAdministrative": "541000000", "researchAndDevelopment": "0", "operatingExpenses": "-743000000", "investmentIncomeNet": "None", "netInterestIncome": "None", "interestIncome": "None", "interestExpense": "348000000", "nonInterestIncome": "None", "otherNonOperatingIncome": "None", "depreciation": "None", "depreciationAndAmortization": "96000000", "incomeBeforeTax": "1352000000", "incomeTaxExpense": "470000000", "interestAndDebtExpense": "None", "netIncomeFromContinuingOperations": "0", "comprehensiveIncomeNetOfTax": "None", "ebit": "1352000000", "ebitda": "1448000000", "netIncome": "882000000"}, {"fiscalDateEnding": "2009-03-31", "reportedCurrency": "USD", "grossProfit": "700000000", "totalRevenue": "1875000000", "costOfRevenue": "1175000000", "costofGoodsAndServicesSold": "1175000000", "operatingIncome": "-262000000", "sellingGeneralAndAdministrative": "455000000", "researchAndDevelopment": "0", "operatingExpenses": "962000000", "investmentIncomeNet": "None", "netInterestIncome": "None", "interestIncome": "None", "interestExpense": "402000000", "nonInterestIncome": "None", "otherNonOperatingIncome": "None", "depreciation": "None", "depreciationAndAmortization": "86000000", "incomeBeforeTax": "-262000000", "incomeTaxExpense": "-312000000", "interestAndDebtExpense": "None", "netIncomeFromContinuingOperations": "0", "comprehensiveIncomeNetOfTax": "None", "ebit": "-262000000", "ebitda": "-176000000", "netIncome": "50000000"}, {"fiscalDateEnding": "2008-12-31", "reportedCurrency": "USD", "grossProfit": "-1633000000", "totalRevenue": "1237000000", "costOfRevenue": "2870000000", "costofGoodsAndServicesSold": "2870000000", "operatingIncome": "-2843000000", "sellingGeneralAndAdministrative": "192000000", "researchAndDevelopment": "0", "operatingExpenses": "1210000000", "investmentIncomeNet": "None", "netInterestIncome": "None", "interestIncome": "None", "interestExpense": "513000000", "nonInterestIncome": "None", "otherNonOperatingIncome": "None", "depreciation": "None", "depreciationAndAmortization": "-260000000", "incomeBeforeTax": "-2843000000", "incomeTaxExpense": "-701000000", "interestAndDebtExpense": "None", "netIncomeFromContinuingOperations": "0", "comprehensiveIncomeNetOfTax": "None", "ebit": "-2843000000", "ebitda": "-3103000000", "netIncome": "-2142000000"}, {"fiscalDateEnding": "2008-09-30", "reportedCurrency": "USD", "grossProfit": "839000000", "totalRevenue": "2265000000", "costOfRevenue": "1426000000", "costofGoodsAndServicesSold": "1426000000", "operatingIncome": "-128000000", "sellingGeneralAndAdministrative": "510000000", "researchAndDevelopment": "0", "operatingExpenses": "967000000", "investmentIncomeNet": "None", "netInterestIncome": "None", "interestIncome": "None", "interestExpense": "485000000", "nonInterestIncome": "None", "otherNonOperatingIncome": "None", "depreciation": "None", "depreciationAndAmortization": "96000000", "incomeBeforeTax": "-128000000", "incomeTaxExpense": "-72000000", "interestAndDebtExpense": "None", "netIncomeFromContinuingOperations": "0", "comprehensiveIncomeNetOfTax": "None", "ebit": "-128000000", "ebitda": "-32000000", "netIncome": "-56000000"}, {"fiscalDateEnding": "2008-06-30", "reportedCurrency": "USD", "grossProfit": "741000000", "totalRevenue": "1929000000", "costOfRevenue": "1188000000", "costofGoodsAndServicesSold": "1188000000", "operatingIncome": "-117000000", "sellingGeneralAndAdministrative": "391000000", "researchAndDevelopment": "0", "operatingExpenses": "858000000", "investmentIncomeNet": "None", "netInterestIncome": "None", "interestIncome": "None", "interestExpense": "469000000", "nonInterestIncome": "None", "otherNonOperatingIncome": "None", "depreciation": "None", "depreciationAndAmortization": "107000000", "incomeBeforeTax": "-117000000", "incomeTaxExpense": "85000000", "interestAndDebtExpense": "None", "netIncomeFromContinuingOperations": "0", "comprehensiveIncomeNetOfTax": "None", "ebit": "-117000000", "ebitda": "-10000000", "netIncome": "-202000000"}, {"fiscalDateEnding": "2008-03-31", "reportedCurrency": "USD", "grossProfit": "1140000000", "totalRevenue": "2311000000", "costOfRevenue": "1171000000", "costofGoodsAndServicesSold": "1171000000", "operatingIncome": "425000000", "sellingGeneralAndAdministrative": "432000000", "researchAndDevelopment": "0", "operatingExpenses": "715000000", "investmentIncomeNet": "None", "netInterestIncome": "None", "interestIncome": "None", "interestExpense": "627000000", "nonInterestIncome": "None", "otherNonOperatingIncome": "None", "depreciation": "None", "depreciationAndAmortization": "65000000", "incomeBeforeTax": "425000000", "incomeTaxExpense": "139000000", "interestAndDebtExpense": "None", "netIncomeFromContinuingOperations": "0", "comprehensiveIncomeNetOfTax": "None", "ebit": "425000000", "ebitda": "490000000", "netIncome": "286000000"}, {"fiscalDateEnding": "2007-12-31", "reportedCurrency": "USD", "grossProfit": "642000000", "totalRevenue": "1696000000", "costOfRevenue": "1054000000", "costofGoodsAndServicesSold": "1054000000", "operatingIncome": "64000000", "sellingGeneralAndAdministrative": "383000000", "researchAndDevelopment": "0", "operatingExpenses": "578000000", "investmentIncomeNet": "None", "netInterestIncome": "None", "interestIncome": "None", "interestExpense": "770000000", "nonInterestIncome": "None", "otherNonOperatingIncome": "None", "depreciation": "None", "depreciationAndAmortization": "92000000", "incomeBeforeTax": "64000000", "incomeTaxExpense": "47000000", "interestAndDebtExpense": "None", "netIncomeFromContinuingOperations": "0", "comprehensiveIncomeNetOfTax": "None", "ebit": "64000000", "ebitda": "156000000", "netIncome": "17000000"}, {"fiscalDateEnding": "2007-09-30", "reportedCurrency": "USD", "grossProfit": "1296000000", "totalRevenue": "2210000000", "costOfRevenue": "914000000", "costofGoodsAndServicesSold": "914000000", "operatingIncome": "443000000", "sellingGeneralAndAdministrative": "483000000", "researchAndDevelopment": "0", "operatingExpenses": "853000000", "investmentIncomeNet": "None", "netInterestIncome": "None", "interestIncome": "None", "interestExpense": "775000000", "nonInterestIncome": "None", "otherNonOperatingIncome": "None", "depreciation": "None", "depreciationAndAmortization": "90000000", "incomeBeforeTax": "443000000", "incomeTaxExpense": "118000000", "interestAndDebtExpense": "None", "netIncomeFromContinuingOperations": "0", "comprehensiveIncomeNetOfTax": "None", "ebit": "443000000", "ebitda": "533000000", "netIncome": "325000000"}, {"fiscalDateEnding": "2007-06-30", "reportedCurrency": "USD", "grossProfit": "1325000000", "totalRevenue": "2196000000", "costOfRevenue": "871000000", "costofGoodsAndServicesSold": "871000000", "operatingIncome": "522000000", "sellingGeneralAndAdministrative": "377000000", "researchAndDevelopment": "0", "operatingExpenses": "803000000", "investmentIncomeNet": "None", "netInterestIncome": "None", "interestIncome": "None", "interestExpense": "750000000", "nonInterestIncome": "None", "otherNonOperatingIncome": "None", "depreciation": "None", "depreciationAndAmortization": "95000000", "incomeBeforeTax": "522000000", "incomeTaxExpense": "146000000", "interestAndDebtExpense": "None", "netIncomeFromContinuingOperations": "0", "comprehensiveIncomeNetOfTax": "None", "ebit": "522000000", "ebitda": "617000000", "netIncome": "376000000"}, {"fiscalDateEnding": "2007-03-31", "reportedCurrency": "USD", "grossProfit": "1300000000", "totalRevenue": "2108000000", "costOfRevenue": "808000000", "costofGoodsAndServicesSold": "808000000", "operatingIncome": "507000000", "sellingGeneralAndAdministrative": "379000000", "researchAndDevelopment": "0", "operatingExpenses": "793000000", "investmentIncomeNet": "None", "netInterestIncome": "None", "interestIncome": "None", "interestExpense": "724000000", "nonInterestIncome": "None", "otherNonOperatingIncome": "None", "depreciation": "None", "depreciationAndAmortization": "90000000", "incomeBeforeTax": "507000000", "incomeTaxExpense": "148000000", "interestAndDebtExpense": "None", "netIncomeFromContinuingOperations": "0", "comprehensiveIncomeNetOfTax": "None", "ebit": "507000000", "ebitda": "597000000", "netIncome": "359000000"}, {"fiscalDateEnding": "2006-12-31", "reportedCurrency": "USD", "grossProfit": "851000000", "totalRevenue": "1764000000", "costOfRevenue": "913000000", "costofGoodsAndServicesSold": "913000000", "operatingIncome": "52000000", "sellingGeneralAndAdministrative": "361000000", "researchAndDevelopment": "0", "operatingExpenses": "799000000", "investmentIncomeNet": "None", "netInterestIncome": "None", "interestIncome": "None", "interestExpense": "806000000", "nonInterestIncome": "None", "otherNonOperatingIncome": "None", "depreciation": "None", "depreciationAndAmortization": "101000000", "incomeBeforeTax": "52000000", "incomeTaxExpense": "-13000000", "interestAndDebtExpense": "None", "netIncomeFromContinuingOperations": "0", "comprehensiveIncomeNetOfTax": "None", "ebit": "52000000", "ebitda": "153000000", "netIncome": "65000000"}, {"fiscalDateEnding": "2006-09-30", "reportedCurrency": "USD", "grossProfit": "1288000000", "totalRevenue": "2196000000", "costOfRevenue": "908000000", "costofGoodsAndServicesSold": "908000000", "operatingIncome": "521000000", "sellingGeneralAndAdministrative": "362000000", "researchAndDevelopment": "0", "operatingExpenses": "767000000", "investmentIncomeNet": "None", "netInterestIncome": "None", "interestIncome": "None", "interestExpense": "821000000", "nonInterestIncome": "None", "otherNonOperatingIncome": "None", "depreciation": "None", "depreciationAndAmortization": "105000000", "incomeBeforeTax": "521000000", "incomeTaxExpense": "144000000", "interestAndDebtExpense": "None", "netIncomeFromContinuingOperations": "0", "comprehensiveIncomeNetOfTax": "None", "ebit": "521000000", "ebitda": "626000000", "netIncome": "377000000"}, {"fiscalDateEnding": "2006-06-30", "reportedCurrency": "USD", "grossProfit": "1294000000", "totalRevenue": "2132000000", "costOfRevenue": "838000000", "costofGoodsAndServicesSold": "838000000", "operatingIncome": "535000000", "sellingGeneralAndAdministrative": "372000000", "researchAndDevelopment": "0", "operatingExpenses": "759000000", "investmentIncomeNet": "None", "netInterestIncome": "None", "interestIncome": "None", "interestExpense": "767000000", "nonInterestIncome": "None", "otherNonOperatingIncome": "None", "depreciation": "None", "depreciationAndAmortization": "99000000", "incomeBeforeTax": "535000000", "incomeTaxExpense": "153000000", "interestAndDebtExpense": "None", "netIncomeFromContinuingOperations": "0", "comprehensiveIncomeNetOfTax": "None", "ebit": "535000000", "ebitda": "634000000", "netIncome": "382000000"}, {"fiscalDateEnding": "2006-03-31", "reportedCurrency": "USD", "grossProfit": "1250000000", "totalRevenue": "2015000000", "costOfRevenue": "765000000", "costofGoodsAndServicesSold": "765000000", "operatingIncome": "519000000", "sellingGeneralAndAdministrative": "371000000", "researchAndDevelopment": "0", "operatingExpenses": "731000000", "investmentIncomeNet": "None", "netInterestIncome": "None", "interestIncome": "None", "interestExpense": "687000000", "nonInterestIncome": "None", "otherNonOperatingIncome": "None", "depreciation": "None", "depreciationAndAmortization": "94000000", "incomeBeforeTax": "519000000", "incomeTaxExpense": "160000000", "interestAndDebtExpense": "None", "netIncomeFromContinuingOperations": "0", "comprehensiveIncomeNetOfTax": "None", "ebit": "519000000", "ebitda": "613000000", "netIncome": "363000000"}, {"fiscalDateEnding": "2005-12-31", "reportedCurrency": "USD", "grossProfit": "1230000000", "totalRevenue": "1988000000", "costOfRevenue": "758000000", "costofGoodsAndServicesSold": "758000000", "operatingIncome": "466000000", "sellingGeneralAndAdministrative": "352000000", "researchAndDevelopment": "0", "operatingExpenses": "764000000", "investmentIncomeNet": "None", "netInterestIncome": "None", "interestIncome": "None", "interestExpense": "625000000", "nonInterestIncome": "None", "otherNonOperatingIncome": "None", "depreciation": "None", "depreciationAndAmortization": "99000000", "incomeBeforeTax": "466000000", "incomeTaxExpense": "135000000", "interestAndDebtExpense": "None", "netIncomeFromContinuingOperations": "0", "comprehensiveIncomeNetOfTax": "None", "ebit": "466000000", "ebitda": "565000000", "netIncome": "331000000"}]}