{"symbol": "ALT", "annualReports": [{"fiscalDateEnding": "2024-12-31", "reportedCurrency": "USD", "grossProfit": "20000", "totalRevenue": "20000", "costOfRevenue": "238000", "costofGoodsAndServicesSold": "238000", "operatingIncome": "-103172000", "sellingGeneralAndAdministrative": "20966000", "researchAndDevelopment": "82226000", "operatingExpenses": "103192000", "investmentIncomeNet": "None", "netInterestIncome": "8065000", "interestIncome": "8074000", "interestExpense": "9000", "nonInterestIncome": "None", "otherNonOperatingIncome": "None", "depreciation": "None", "depreciationAndAmortization": "238000", "incomeBeforeTax": "-95059000", "incomeTaxExpense": "None", "interestAndDebtExpense": "None", "netIncomeFromContinuingOperations": "-95059000", "comprehensiveIncomeNetOfTax": "None", "ebit": "-95050000", "ebitda": "-94812000", "netIncome": "-95059000"}, {"fiscalDateEnding": "2023-12-31", "reportedCurrency": "USD", "grossProfit": "426000", "totalRevenue": "426000", "costOfRevenue": "477000", "costofGoodsAndServicesSold": "477000", "operatingIncome": "-95929000", "sellingGeneralAndAdministrative": "18137000", "researchAndDevelopment": "65799000", "operatingExpenses": "96355000", "investmentIncomeNet": "None", "netInterestIncome": "7316000", "interestIncome": "7351000", "interestExpense": "35000", "nonInterestIncome": "None", "otherNonOperatingIncome": "None", "depreciation": "None", "depreciationAndAmortization": "477000", "incomeBeforeTax": "-88447000", "incomeTaxExpense": "309105", "interestAndDebtExpense": "None", "netIncomeFromContinuingOperations": "-88447000", "comprehensiveIncomeNetOfTax": "None", "ebit": "-88412000", "ebitda": "-87935000", "netIncome": "-88447000"}, {"fiscalDateEnding": "2022-12-31", "reportedCurrency": "USD", "grossProfit": "-68000", "totalRevenue": "-68000", "costOfRevenue": "500000", "costofGoodsAndServicesSold": "500000", "operatingIncome": "-87740000", "sellingGeneralAndAdministrative": "17134000", "researchAndDevelopment": "70538000", "operatingExpenses": "87672000", "investmentIncomeNet": "None", "netInterestIncome": "2862000", "interestIncome": "2870000", "interestExpense": "8000", "nonInterestIncome": "None", "otherNonOperatingIncome": "None", "depreciation": "None", "depreciationAndAmortization": "493000", "incomeBeforeTax": "-84910000", "incomeTaxExpense": "-197000", "interestAndDebtExpense": "None", "netIncomeFromContinuingOperations": "-84713000", "comprehensiveIncomeNetOfTax": "None", "ebit": "-84902000", "ebitda": "-84409000", "netIncome": "-84713000"}, {"fiscalDateEnding": "2021-12-31", "reportedCurrency": "USD", "grossProfit": "4410000", "totalRevenue": "4410000", "costOfRevenue": "73841000", "costofGoodsAndServicesSold": "73841000", "operatingIncome": "-96914000", "sellingGeneralAndAdministrative": "15413000", "researchAndDevelopment": "74541000", "operatingExpenses": "101324000", "investmentIncomeNet": "None", "netInterestIncome": "197085", "interestIncome": "202741", "interestExpense": "5000", "nonInterestIncome": "None", "otherNonOperatingIncome": "-171127", "depreciation": "None", "depreciationAndAmortization": "551000", "incomeBeforeTax": "-97090000", "incomeTaxExpense": "-919513", "interestAndDebtExpense": "None", "netIncomeFromContinuingOperations": "-97090824", "comprehensiveIncomeNetOfTax": "None", "ebit": "-97085000", "ebitda": "-96534000", "netIncome": "-97090000"}, {"fiscalDateEnding": "2020-12-31", "reportedCurrency": "USD", "grossProfit": "-25324291", "totalRevenue": "8185027", "costOfRevenue": "33509318", "costofGoodsAndServicesSold": "33509318", "operatingIncome": "-54798741", "sellingGeneralAndAdministrative": "13209440", "researchAndDevelopment": "49774328", "operatingExpenses": "29474450", "investmentIncomeNet": "None", "netInterestIncome": "313093", "interestIncome": "322514", "interestExpense": "9421", "nonInterestIncome": "None", "otherNonOperatingIncome": "346661", "depreciation": "None", "depreciationAndAmortization": "428878", "incomeBeforeTax": "-43627454", "incomeTaxExpense": "5417023", "interestAndDebtExpense": "None", "netIncomeFromContinuingOperations": "-49044477", "comprehensiveIncomeNetOfTax": "None", "ebit": "-38533731", "ebitda": "-38104853", "netIncome": "-49044477"}, {"fiscalDateEnding": "2019-12-31", "reportedCurrency": "USD", "grossProfit": "5801401", "totalRevenue": "5801401", "costOfRevenue": "17065553", "costofGoodsAndServicesSold": "17065553", "operatingIncome": "-21464935", "sellingGeneralAndAdministrative": "8500783", "researchAndDevelopment": "17765553", "operatingExpenses": "27266336", "investmentIncomeNet": "None", "netInterestIncome": "841165", "interestIncome": "843409", "interestExpense": "2244", "nonInterestIncome": "None", "otherNonOperatingIncome": "888548", "depreciation": "None", "depreciationAndAmortization": "387321", "incomeBeforeTax": "-20578631", "incomeTaxExpense": "-58500", "interestAndDebtExpense": "None", "netIncomeFromContinuingOperations": "-20520131", "comprehensiveIncomeNetOfTax": "None", "ebit": "-20576387", "ebitda": "-20189066", "netIncome": "-20520131"}, {"fiscalDateEnding": "2018-12-31", "reportedCurrency": "USD", "grossProfit": "-8128142", "totalRevenue": "10331168", "costOfRevenue": "18459310", "costofGoodsAndServicesSold": "18459310", "operatingIncome": "-42834410", "sellingGeneralAndAdministrative": "9765581", "researchAndDevelopment": "18459310", "operatingExpenses": "28224891", "investmentIncomeNet": "None", "netInterestIncome": "-70493", "interestIncome": "226597", "interestExpense": "297090", "nonInterestIncome": "None", "otherNonOperatingIncome": "-2189446", "depreciation": "None", "depreciationAndAmortization": "302369", "incomeBeforeTax": "-45320946", "incomeTaxExpense": "-6149794", "interestAndDebtExpense": "None", "netIncomeFromContinuingOperations": "-39171152", "comprehensiveIncomeNetOfTax": "None", "ebit": "-45023852", "ebitda": "-44721483", "netIncome": "-39171152"}, {"fiscalDateEnding": "2017-12-31", "reportedCurrency": "USD", "grossProfit": "-18364826", "totalRevenue": "41503", "costOfRevenue": "18406329", "costofGoodsAndServicesSold": "18406329", "operatingIncome": "-52045259", "sellingGeneralAndAdministrative": "8457557", "researchAndDevelopment": "18406329", "operatingExpenses": "16167067", "investmentIncomeNet": "None", "netInterestIncome": "-114560", "interestIncome": "47579", "interestExpense": "162139", "nonInterestIncome": "None", "otherNonOperatingIncome": "143633", "depreciation": "None", "depreciationAndAmortization": "139019", "incomeBeforeTax": "-52063765", "incomeTaxExpense": "-5638375", "interestAndDebtExpense": "None", "netIncomeFromContinuingOperations": "-46425390", "comprehensiveIncomeNetOfTax": "None", "ebit": "-51901626", "ebitda": "-51762607", "netIncome": "-46425390"}, {"fiscalDateEnding": "2016-12-31", "reportedCurrency": "USD", "grossProfit": "-1991264", "totalRevenue": "5230196", "costOfRevenue": "7221460", "costofGoodsAndServicesSold": "7221460", "operatingIncome": "-11264347", "sellingGeneralAndAdministrative": "11515071", "researchAndDevelopment": "4836035", "operatingExpenses": "16494543", "investmentIncomeNet": "None", "netInterestIncome": "168150", "interestIncome": "37450", "interestExpense": "38499", "nonInterestIncome": "None", "otherNonOperatingIncome": "216119746", "depreciation": "None", "depreciationAndAmortization": "135345", "incomeBeforeTax": "205023549", "incomeTaxExpense": "11169376", "interestAndDebtExpense": "None", "netIncomeFromContinuingOperations": "193854173", "comprehensiveIncomeNetOfTax": "None", "ebit": "-11048316", "ebitda": "-10912971", "netIncome": "193854173"}, {"fiscalDateEnding": "2015-12-31", "reportedCurrency": "USD", "grossProfit": "5577010", "totalRevenue": "10640660", "costOfRevenue": "5063650", "costofGoodsAndServicesSold": "5063650", "operatingIncome": "-3402800", "sellingGeneralAndAdministrative": "6222185", "researchAndDevelopment": "5133512", "operatingExpenses": "11497301", "investmentIncomeNet": "None", "netInterestIncome": "None", "interestIncome": "15710", "interestExpense": "54581", "nonInterestIncome": "None", "otherNonOperatingIncome": "78422", "depreciation": "None", "depreciationAndAmortization": "141604", "incomeBeforeTax": "-3378959", "incomeTaxExpense": "61746", "interestAndDebtExpense": "None", "netIncomeFromContinuingOperations": "-3440705", "comprehensiveIncomeNetOfTax": "None", "ebit": "-3324383", "ebitda": "-3182779", "netIncome": "-3440705"}, {"fiscalDateEnding": "2014-12-31", "reportedCurrency": "USD", "grossProfit": "5925135", "totalRevenue": "10190205", "costOfRevenue": "4265070", "costofGoodsAndServicesSold": "4265070", "operatingIncome": "-10191305", "sellingGeneralAndAdministrative": "10911724", "researchAndDevelopment": "9319828", "operatingExpenses": "20381510", "investmentIncomeNet": "None", "netInterestIncome": "None", "interestIncome": "None", "interestExpense": "210399", "nonInterestIncome": "None", "otherNonOperatingIncome": "508055", "depreciation": "None", "depreciationAndAmortization": "149958", "incomeBeforeTax": "-9893649", "incomeTaxExpense": "61746", "interestAndDebtExpense": "None", "netIncomeFromContinuingOperations": "-9955395", "comprehensiveIncomeNetOfTax": "None", "ebit": "-9682553", "ebitda": "-9532595", "netIncome": "-9955395"}, {"fiscalDateEnding": "2013-12-31", "reportedCurrency": "USD", "grossProfit": "17912607", "totalRevenue": "17912607", "costOfRevenue": "0", "costofGoodsAndServicesSold": "0", "operatingIncome": "-10839208", "sellingGeneralAndAdministrative": "13279186", "researchAndDevelopment": "15290142", "operatingExpenses": "28751815", "investmentIncomeNet": "None", "netInterestIncome": "None", "interestIncome": "None", "interestExpense": "369281", "nonInterestIncome": "None", "otherNonOperatingIncome": "-448118", "depreciation": "None", "depreciationAndAmortization": "182487", "incomeBeforeTax": "-11656607", "incomeTaxExpense": "61746", "interestAndDebtExpense": "None", "netIncomeFromContinuingOperations": "-11718353", "comprehensiveIncomeNetOfTax": "None", "ebit": "-11287325", "ebitda": "-11104838", "netIncome": "-11718353"}, {"fiscalDateEnding": "2012-12-31", "reportedCurrency": "USD", "grossProfit": "25175887", "totalRevenue": "25175887", "costOfRevenue": "0", "costofGoodsAndServicesSold": "0", "operatingIncome": "-6266390", "sellingGeneralAndAdministrative": "11628732", "researchAndDevelopment": "19509629", "operatingExpenses": "31442277", "investmentIncomeNet": "None", "netInterestIncome": "None", "interestIncome": "None", "interestExpense": "342561", "nonInterestIncome": "None", "otherNonOperatingIncome": "1884365", "depreciation": "None", "depreciationAndAmortization": "303916", "incomeBeforeTax": "-4724586", "incomeTaxExpense": "195529", "interestAndDebtExpense": "None", "netIncomeFromContinuingOperations": "-4920115", "comprehensiveIncomeNetOfTax": "None", "ebit": "-4382023", "ebitda": "-4078107", "netIncome": "-4920115"}, {"fiscalDateEnding": "2011-12-31", "reportedCurrency": "USD", "grossProfit": "24266274", "totalRevenue": "24266274", "costOfRevenue": "0", "costofGoodsAndServicesSold": "0", "operatingIncome": "-11725731", "sellingGeneralAndAdministrative": "14311079", "researchAndDevelopment": "21219853", "operatingExpenses": "35992005", "investmentIncomeNet": "None", "netInterestIncome": "None", "interestIncome": "None", "interestExpense": "54573", "nonInterestIncome": "None", "otherNonOperatingIncome": "7982731", "depreciation": "None", "depreciationAndAmortization": "461073", "incomeBeforeTax": "-3797573000000", "incomeTaxExpense": "-7928158", "interestAndDebtExpense": "None", "netIncomeFromContinuingOperations": "-3797573", "comprehensiveIncomeNetOfTax": "None", "ebit": "-3742998", "ebitda": "-3281925", "netIncome": "-3797573"}, {"fiscalDateEnding": "2010-12-31", "reportedCurrency": "USD", "grossProfit": "20993605", "totalRevenue": "20993605", "costOfRevenue": "None", "costofGoodsAndServicesSold": "None", "operatingIncome": "-23553557", "sellingGeneralAndAdministrative": "18015761", "researchAndDevelopment": "20875536", "operatingExpenses": "44547162", "investmentIncomeNet": "None", "netInterestIncome": "None", "interestIncome": "None", "interestExpense": "5936480", "nonInterestIncome": "None", "otherNonOperatingIncome": "None", "depreciation": "None", "depreciationAndAmortization": "1020376", "incomeBeforeTax": "-34849277000000", "incomeTaxExpense": "15931209", "interestAndDebtExpense": "None", "netIncomeFromContinuingOperations": "None", "comprehensiveIncomeNetOfTax": "None", "ebit": "-24277308", "ebitda": "-23256932", "netIncome": "-34849277"}, {"fiscalDateEnding": "2009-12-31", "reportedCurrency": "USD", "grossProfit": "27549978", "totalRevenue": "27549978", "costOfRevenue": "None", "costofGoodsAndServicesSold": "None", "operatingIncome": "-25974669", "sellingGeneralAndAdministrative": "22432585", "researchAndDevelopment": "30219758", "operatingExpenses": "53524647", "investmentIncomeNet": "None", "netInterestIncome": "None", "interestIncome": "None", "interestExpense": "2837302", "nonInterestIncome": "None", "otherNonOperatingIncome": "None", "depreciation": "None", "depreciationAndAmortization": "872304", "incomeBeforeTax": "-32279760000", "incomeTaxExpense": "6305091", "interestAndDebtExpense": "None", "netIncomeFromContinuingOperations": "None", "comprehensiveIncomeNetOfTax": "None", "ebit": "-29442463", "ebitda": "-28570159", "netIncome": "-32279760"}, {"fiscalDateEnding": "2008-12-31", "reportedCurrency": "USD", "grossProfit": "32911328", "totalRevenue": "32911328", "costOfRevenue": "None", "costofGoodsAndServicesSold": "None", "operatingIncome": "-35243528", "sellingGeneralAndAdministrative": "19397532", "researchAndDevelopment": "31812431", "operatingExpenses": "52023854", "investmentIncomeNet": "None", "netInterestIncome": "None", "interestIncome": "None", "interestExpense": "2573406", "nonInterestIncome": "None", "otherNonOperatingIncome": "None", "depreciation": "None", "depreciationAndAmortization": "813891", "incomeBeforeTax": "-36415113000", "incomeTaxExpense": "17302587", "interestAndDebtExpense": "None", "netIncomeFromContinuingOperations": "None", "comprehensiveIncomeNetOfTax": "None", "ebit": "-33841703", "ebitda": "-33027812", "netIncome": "-36415113"}, {"fiscalDateEnding": "2007-12-31", "reportedCurrency": "USD", "grossProfit": "14643615", "totalRevenue": "14643615", "costOfRevenue": "None", "costofGoodsAndServicesSold": "None", "operatingIncome": "-16503448", "sellingGeneralAndAdministrative": "13882023", "researchAndDevelopment": "16559670", "operatingExpenses": "31147063", "investmentIncomeNet": "None", "netInterestIncome": "None", "interestIncome": "None", "interestExpense": "2122624", "nonInterestIncome": "None", "otherNonOperatingIncome": "None", "depreciation": "None", "depreciationAndAmortization": "655210", "incomeBeforeTax": "-13587303", "incomeTaxExpense": "-2865985", "interestAndDebtExpense": "None", "netIncomeFromContinuingOperations": "None", "comprehensiveIncomeNetOfTax": "None", "ebit": "-16453288", "ebitda": "-15798078", "netIncome": "-13587303"}, {"fiscalDateEnding": "2006-12-31", "reportedCurrency": "USD", "grossProfit": "1847712", "totalRevenue": "1847712", "costOfRevenue": "None", "costofGoodsAndServicesSold": "None", "operatingIncome": "1203334", "sellingGeneralAndAdministrative": "491093", "researchAndDevelopment": "None", "operatingExpenses": "644378", "investmentIncomeNet": "None", "netInterestIncome": "None", "interestIncome": "None", "interestExpense": "0", "nonInterestIncome": "None", "otherNonOperatingIncome": "None", "depreciation": "None", "depreciationAndAmortization": "None", "incomeBeforeTax": "1203334", "incomeTaxExpense": "187000", "interestAndDebtExpense": "None", "netIncomeFromContinuingOperations": "None", "comprehensiveIncomeNetOfTax": "None", "ebit": "1203334", "ebitda": "1203334", "netIncome": "1016334"}, {"fiscalDateEnding": "2005-12-31", "reportedCurrency": "USD", "grossProfit": "471074", "totalRevenue": "586074", "costOfRevenue": "115000", "costofGoodsAndServicesSold": "115000", "operatingIncome": "325295", "sellingGeneralAndAdministrative": "145779", "researchAndDevelopment": "None", "operatingExpenses": "145779", "investmentIncomeNet": "None", "netInterestIncome": "None", "interestIncome": "None", "interestExpense": "0", "nonInterestIncome": "None", "otherNonOperatingIncome": "None", "depreciation": "None", "depreciationAndAmortization": "None", "incomeBeforeTax": "325295", "incomeTaxExpense": "48000", "interestAndDebtExpense": "None", "netIncomeFromContinuingOperations": "None", "comprehensiveIncomeNetOfTax": "None", "ebit": "325295", "ebitda": "325295", "netIncome": "277295"}], "quarterlyReports": [{"fiscalDateEnding": "2025-09-30", "reportedCurrency": "USD", "grossProfit": "-14955000", "totalRevenue": "5000", "costOfRevenue": "14960000", "costofGoodsAndServicesSold": "14960000", "operatingIncome": "-20859000", "sellingGeneralAndAdministrative": "5904000", "researchAndDevelopment": "14960000", "operatingExpenses": "5904000", "investmentIncomeNet": "None", "netInterestIncome": "1931000", "interestIncome": "2426000", "interestExpense": "495000", "nonInterestIncome": "None", "otherNonOperatingIncome": "None", "depreciation": "None", "depreciationAndAmortization": "27000", "incomeBeforeTax": "-19014000", "incomeTaxExpense": "None", "interestAndDebtExpense": "None", "netIncomeFromContinuingOperations": "-19014000", "comprehensiveIncomeNetOfTax": "None", "ebit": "-18519000", "ebitda": "-18492000", "netIncome": "-19014000"}, {"fiscalDateEnding": "2025-06-30", "reportedCurrency": "USD", "grossProfit": "5000", "totalRevenue": "5000", "costOfRevenue": "30000", "costofGoodsAndServicesSold": "30000", "operatingIncome": "-22922000", "sellingGeneralAndAdministrative": "5691000", "researchAndDevelopment": "17236000", "operatingExpenses": "22927000", "investmentIncomeNet": "None", "netInterestIncome": "868000", "interestIncome": "1132000", "interestExpense": "264000", "nonInterestIncome": "None", "otherNonOperatingIncome": "None", "depreciation": "None", "depreciationAndAmortization": "30000", "incomeBeforeTax": "-22146000", "incomeTaxExpense": "None", "interestAndDebtExpense": "None", "netIncomeFromContinuingOperations": "-22146000", "comprehensiveIncomeNetOfTax": "None", "ebit": "-21882000", "ebitda": "-21852000", "netIncome": "-22146000"}, {"fiscalDateEnding": "2025-03-31", "reportedCurrency": "USD", "grossProfit": "5000", "totalRevenue": "5000", "costOfRevenue": "None", "costofGoodsAndServicesSold": "None", "operatingIncome": "-21815000", "sellingGeneralAndAdministrative": "5993000", "researchAndDevelopment": "15827000", "operatingExpenses": "21820000", "investmentIncomeNet": "None", "netInterestIncome": "1544000", "interestIncome": "1545000", "interestExpense": "1000", "nonInterestIncome": "None", "otherNonOperatingIncome": "None", "depreciation": "None", "depreciationAndAmortization": "29000", "incomeBeforeTax": "-20256000", "incomeTaxExpense": "-681000", "interestAndDebtExpense": "None", "netIncomeFromContinuingOperations": "-19575000", "comprehensiveIncomeNetOfTax": "None", "ebit": "-20255000", "ebitda": "-20226000", "netIncome": "-19575000"}, {"fiscalDateEnding": "2024-12-31", "reportedCurrency": "USD", "grossProfit": "5000", "totalRevenue": "5000", "costOfRevenue": "33000", "costofGoodsAndServicesSold": "33000", "operatingIncome": "-24866000", "sellingGeneralAndAdministrative": "5090000", "researchAndDevelopment": "19781000", "operatingExpenses": "24871000", "investmentIncomeNet": "None", "netInterestIncome": "1568000", "interestIncome": "1569000", "interestExpense": "1000", "nonInterestIncome": "None", "otherNonOperatingIncome": "None", "depreciation": "None", "depreciationAndAmortization": "33000", "incomeBeforeTax": "-23180000", "incomeTaxExpense": "None", "interestAndDebtExpense": "None", "netIncomeFromContinuingOperations": "-23180000", "comprehensiveIncomeNetOfTax": "None", "ebit": "-23179000", "ebitda": "-23146000", "netIncome": "-23180000"}, {"fiscalDateEnding": "2024-09-30", "reportedCurrency": "USD", "grossProfit": "5000", "totalRevenue": "5000", "costOfRevenue": "37000", "costofGoodsAndServicesSold": "37000", "operatingIncome": "-24767000", "sellingGeneralAndAdministrative": "4969000", "researchAndDevelopment": "19803000", "operatingExpenses": "24772000", "investmentIncomeNet": "None", "netInterestIncome": "1904000", "interestIncome": "1910000", "interestExpense": "6000", "nonInterestIncome": "None", "otherNonOperatingIncome": "None", "depreciation": "None", "depreciationAndAmortization": "37000", "incomeBeforeTax": "-22845000", "incomeTaxExpense": "None", "interestAndDebtExpense": "None", "netIncomeFromContinuingOperations": "-22845000", "comprehensiveIncomeNetOfTax": "None", "ebit": "-22839000", "ebitda": "-22802000", "netIncome": "-22845000"}, {"fiscalDateEnding": "2024-06-30", "reportedCurrency": "USD", "grossProfit": "5000", "totalRevenue": "5000", "costOfRevenue": "61000", "costofGoodsAndServicesSold": "61000", "operatingIncome": "-26745000", "sellingGeneralAndAdministrative": "5595000", "researchAndDevelopment": "21155000", "operatingExpenses": "26750000", "investmentIncomeNet": "None", "netInterestIncome": "2181000", "interestIncome": "2182000", "interestExpense": "1000", "nonInterestIncome": "None", "otherNonOperatingIncome": "None", "depreciation": "None", "depreciationAndAmortization": "61000", "incomeBeforeTax": "-24640000", "incomeTaxExpense": "None", "interestAndDebtExpense": "None", "netIncomeFromContinuingOperations": "-24640000", "comprehensiveIncomeNetOfTax": "None", "ebit": "-24639000", "ebitda": "-24578000", "netIncome": "-24640000"}, {"fiscalDateEnding": "2024-03-31", "reportedCurrency": "USD", "grossProfit": "-102000", "totalRevenue": "5000", "costOfRevenue": "107000", "costofGoodsAndServicesSold": "107000", "operatingIncome": "-26794000", "sellingGeneralAndAdministrative": "5312000", "researchAndDevelopment": "21487000", "operatingExpenses": "26692000", "investmentIncomeNet": "None", "netInterestIncome": "2412000", "interestIncome": "2413000", "interestExpense": "1000", "nonInterestIncome": "None", "otherNonOperatingIncome": "None", "depreciation": "None", "depreciationAndAmortization": "107000", "incomeBeforeTax": "-24394000", "incomeTaxExpense": "None", "interestAndDebtExpense": "None", "netIncomeFromContinuingOperations": "-24394000", "comprehensiveIncomeNetOfTax": "None", "ebit": "-24393000", "ebitda": "-24286000", "netIncome": "-24394000"}, {"fiscalDateEnding": "2023-12-31", "reportedCurrency": "USD", "grossProfit": "37000", "totalRevenue": "37000", "costOfRevenue": "1890000", "costofGoodsAndServicesSold": "1890000", "operatingIncome": "-33623000", "sellingGeneralAndAdministrative": "4332000", "researchAndDevelopment": "16909000", "operatingExpenses": "33660000", "investmentIncomeNet": "None", "netInterestIncome": "1962000", "interestIncome": "1964000", "interestExpense": "2000", "nonInterestIncome": "None", "otherNonOperatingIncome": "None", "depreciation": "None", "depreciationAndAmortization": "1890000", "incomeBeforeTax": "-31641000", "incomeTaxExpense": "1846188", "interestAndDebtExpense": "None", "netIncomeFromContinuingOperations": "-31641000", "comprehensiveIncomeNetOfTax": "None", "ebit": "-31639000", "ebitda": "-29749000", "netIncome": "-31641000"}, {"fiscalDateEnding": "2023-09-30", "reportedCurrency": "USD", "grossProfit": "-18026000", "totalRevenue": "362000", "costOfRevenue": "18388000", "costofGoodsAndServicesSold": "18388000", "operatingIncome": "-22540000", "sellingGeneralAndAdministrative": "4514000", "researchAndDevelopment": "18388000", "operatingExpenses": "4514000", "investmentIncomeNet": "None", "netInterestIncome": "1855000", "interestIncome": "1884000", "interestExpense": "29000", "nonInterestIncome": "None", "otherNonOperatingIncome": "None", "depreciation": "None", "depreciationAndAmortization": "121000", "incomeBeforeTax": "-20671000", "incomeTaxExpense": "552000", "interestAndDebtExpense": "None", "netIncomeFromContinuingOperations": "-20671000", "comprehensiveIncomeNetOfTax": "None", "ebit": "-22540000", "ebitda": "-22419000", "netIncome": "-20671000"}, {"fiscalDateEnding": "2023-06-30", "reportedCurrency": "USD", "grossProfit": "-13247000", "totalRevenue": "6000", "costOfRevenue": "13253000", "costofGoodsAndServicesSold": "13253000", "operatingIncome": "-18007000", "sellingGeneralAndAdministrative": "4760000", "researchAndDevelopment": "13253000", "operatingExpenses": "4760000", "investmentIncomeNet": "None", "netInterestIncome": "1833000", "interestIncome": "1835000", "interestExpense": "2000", "nonInterestIncome": "None", "otherNonOperatingIncome": "1948000", "depreciation": "None", "depreciationAndAmortization": "125000", "incomeBeforeTax": "-16061000", "incomeTaxExpense": "620000", "interestAndDebtExpense": "None", "netIncomeFromContinuingOperations": "-16061000", "comprehensiveIncomeNetOfTax": "None", "ebit": "-18007000", "ebitda": "-17882000", "netIncome": "-16061000"}, {"fiscalDateEnding": "2023-03-31", "reportedCurrency": "USD", "grossProfit": "21000", "totalRevenue": "21000", "costOfRevenue": "-356000", "costofGoodsAndServicesSold": "-356000", "operatingIncome": "-21759000", "sellingGeneralAndAdministrative": "4531000", "researchAndDevelopment": "17249000", "operatingExpenses": "21780000", "investmentIncomeNet": "None", "netInterestIncome": "1666000", "interestIncome": "1668000", "interestExpense": "2000", "nonInterestIncome": "None", "otherNonOperatingIncome": "1687000", "depreciation": "None", "depreciationAndAmortization": "125000", "incomeBeforeTax": "-20074000", "incomeTaxExpense": "-1683000", "interestAndDebtExpense": "None", "netIncomeFromContinuingOperations": "-20074000", "comprehensiveIncomeNetOfTax": "None", "ebit": "-20072000", "ebitda": "-19947000", "netIncome": "-20074000"}, {"fiscalDateEnding": "2022-12-31", "reportedCurrency": "USD", "grossProfit": "-19289000", "totalRevenue": "-110000", "costOfRevenue": "19179000", "costofGoodsAndServicesSold": "19179000", "operatingIncome": "-23094000", "sellingGeneralAndAdministrative": "3805000", "researchAndDevelopment": "19179000", "operatingExpenses": "3805000", "investmentIncomeNet": "None", "netInterestIncome": "1651000", "interestIncome": "1468000", "interestExpense": "183000", "nonInterestIncome": "None", "otherNonOperatingIncome": "None", "depreciation": "None", "depreciationAndAmortization": "462000", "incomeBeforeTax": "-21660000", "incomeTaxExpense": "-1434000", "interestAndDebtExpense": "None", "netIncomeFromContinuingOperations": "-21660000", "comprehensiveIncomeNetOfTax": "None", "ebit": "-23094000", "ebitda": "-22632000", "netIncome": "-21660000"}, {"fiscalDateEnding": "2022-09-30", "reportedCurrency": "USD", "grossProfit": "-20260000", "totalRevenue": "2000", "costOfRevenue": "20262000", "costofGoodsAndServicesSold": "20262000", "operatingIncome": "-24752000", "sellingGeneralAndAdministrative": "4492000", "researchAndDevelopment": "20262000", "operatingExpenses": "4492000", "investmentIncomeNet": "None", "netInterestIncome": "989000", "interestIncome": "1053000", "interestExpense": "64000", "nonInterestIncome": "None", "otherNonOperatingIncome": "1103000", "depreciation": "None", "depreciationAndAmortization": "10333", "incomeBeforeTax": "-23319001", "incomeTaxExpense": "196999", "interestAndDebtExpense": "None", "netIncomeFromContinuingOperations": "-23516000", "comprehensiveIncomeNetOfTax": "None", "ebit": "-24752000", "ebitda": "-24741667", "netIncome": "-23516000"}, {"fiscalDateEnding": "2022-06-30", "reportedCurrency": "USD", "grossProfit": "8000", "totalRevenue": "8000", "costOfRevenue": "15993000", "costofGoodsAndServicesSold": "15993000", "operatingIncome": "-20395000", "sellingGeneralAndAdministrative": "4410000", "researchAndDevelopment": "15993000", "operatingExpenses": "20403000", "investmentIncomeNet": "None", "netInterestIncome": "263000", "interestIncome": "328000", "interestExpense": "65000", "nonInterestIncome": "None", "otherNonOperatingIncome": "353000", "depreciation": "None", "depreciationAndAmortization": "53000", "incomeBeforeTax": "-20107000", "incomeTaxExpense": "90000", "interestAndDebtExpense": "None", "netIncomeFromContinuingOperations": "-20107000", "comprehensiveIncomeNetOfTax": "None", "ebit": "-20042000", "ebitda": "-19989000", "netIncome": "-20107000"}, {"fiscalDateEnding": "2022-03-31", "reportedCurrency": "USD", "grossProfit": "-16852000", "totalRevenue": "32000", "costOfRevenue": "16884000", "costofGoodsAndServicesSold": "16884000", "operatingIncome": "-19499000", "sellingGeneralAndAdministrative": "4427000", "researchAndDevelopment": "15104000", "operatingExpenses": "2647000", "investmentIncomeNet": "None", "netInterestIncome": "-41000", "interestIncome": "21000", "interestExpense": "62000", "nonInterestIncome": "None", "otherNonOperatingIncome": "131000", "depreciation": "None", "depreciationAndAmortization": "119000", "incomeBeforeTax": "-19430000", "incomeTaxExpense": "-69000", "interestAndDebtExpense": "None", "netIncomeFromContinuingOperations": "-19430000", "comprehensiveIncomeNetOfTax": "None", "ebit": "-21279000", "ebitda": "-21160000", "netIncome": "-19430000"}, {"fiscalDateEnding": "2021-12-31", "reportedCurrency": "USD", "grossProfit": "-17768000", "totalRevenue": "3277000", "costOfRevenue": "21045000", "costofGoodsAndServicesSold": "21045000", "operatingIncome": "-23985000", "sellingGeneralAndAdministrative": "3777000", "researchAndDevelopment": "20185000", "operatingExpenses": "6217000", "investmentIncomeNet": "None", "netInterestIncome": "176001", "interestIncome": "176001", "interestExpense": "61107", "nonInterestIncome": "None", "otherNonOperatingIncome": "34259", "depreciation": "None", "depreciationAndAmortization": "117000", "incomeBeforeTax": "-23889000", "incomeTaxExpense": "-97022330", "interestAndDebtExpense": "None", "netIncomeFromContinuingOperations": "-23889321", "comprehensiveIncomeNetOfTax": "None", "ebit": "-21545000", "ebitda": "-21428000", "netIncome": "-23889000"}, {"fiscalDateEnding": "2021-09-30", "reportedCurrency": "USD", "grossProfit": "-29048000", "totalRevenue": "158000", "costOfRevenue": "29206000", "costofGoodsAndServicesSold": "29206000", "operatingIncome": "-33204000", "sellingGeneralAndAdministrative": "4155999", "researchAndDevelopment": "29206000", "operatingExpenses": "4156000", "investmentIncomeNet": "None", "netInterestIncome": "-20381", "interestIncome": "12485", "interestExpense": "33000", "nonInterestIncome": "None", "otherNonOperatingIncome": "-273714", "depreciation": "None", "depreciationAndAmortization": "285001", "incomeBeforeTax": "-33509999", "incomeTaxExpense": "-253333", "interestAndDebtExpense": "None", "netIncomeFromContinuingOperations": "-33510688", "comprehensiveIncomeNetOfTax": "None", "ebit": "-33204000", "ebitda": "-32918999", "netIncome": "-33509999"}, {"fiscalDateEnding": "2021-06-30", "reportedCurrency": "USD", "grossProfit": "-13135000", "totalRevenue": "137000", "costOfRevenue": "13272000", "costofGoodsAndServicesSold": "13272000", "operatingIncome": "-24864000", "sellingGeneralAndAdministrative": "3659000", "researchAndDevelopment": "13272000", "operatingExpenses": "11729000", "investmentIncomeNet": "None", "netInterestIncome": "10637", "interestIncome": "32863", "interestExpense": "22000", "nonInterestIncome": "None", "otherNonOperatingIncome": "58961", "depreciation": "None", "depreciationAndAmortization": "75000", "incomeBeforeTax": "-24827000", "incomeTaxExpense": "48324", "interestAndDebtExpense": "None", "netIncomeFromContinuingOperations": "-24826707", "comprehensiveIncomeNetOfTax": "None", "ebit": "-16794000", "ebitda": "-16719000", "netIncome": "-24827000"}, {"fiscalDateEnding": "2021-03-31", "reportedCurrency": "USD", "grossProfit": "-10160000", "totalRevenue": "838000", "costOfRevenue": "10998000", "costofGoodsAndServicesSold": "10998000", "operatingIncome": "-14861000", "sellingGeneralAndAdministrative": "3821000", "researchAndDevelopment": "11878000", "operatingExpenses": "4701000", "investmentIncomeNet": "None", "netInterestIncome": "30828", "interestIncome": "42499", "interestExpense": "12000", "nonInterestIncome": "None", "otherNonOperatingIncome": "9367", "depreciation": "None", "depreciationAndAmortization": "74000", "incomeBeforeTax": "-14864000", "incomeTaxExpense": "-21461", "interestAndDebtExpense": "None", "netIncomeFromContinuingOperations": "-14864108", "comprehensiveIncomeNetOfTax": "None", "ebit": "-13981000", "ebitda": "-13907000", "netIncome": "-14864000"}, {"fiscalDateEnding": "2020-12-31", "reportedCurrency": "USD", "grossProfit": "-12692856", "totalRevenue": "2312706", "costOfRevenue": "15005562", "costofGoodsAndServicesSold": "15005562", "operatingIncome": "-10749795", "sellingGeneralAndAdministrative": "4111929", "researchAndDevelopment": "8950572", "operatingExpenses": "-1943061", "investmentIncomeNet": "None", "netInterestIncome": "42407", "interestIncome": "44360", "interestExpense": "1953", "nonInterestIncome": "None", "otherNonOperatingIncome": "19625", "depreciation": "None", "depreciationAndAmortization": "209946", "incomeBeforeTax": "-10511432", "incomeTaxExpense": "110345", "interestAndDebtExpense": "None", "netIncomeFromContinuingOperations": "-10621777", "comprehensiveIncomeNetOfTax": "None", "ebit": "-16804785", "ebitda": "-16594839", "netIncome": "-10621777"}, {"fiscalDateEnding": "2020-09-30", "reportedCurrency": "USD", "grossProfit": "2937991", "totalRevenue": "2937991", "costOfRevenue": "17041975", "costofGoodsAndServicesSold": "17041975", "operatingIncome": "-18324222", "sellingGeneralAndAdministrative": "4220238", "researchAndDevelopment": "17041975", "operatingExpenses": "21262213", "investmentIncomeNet": "None", "netInterestIncome": "42852", "interestIncome": "45127", "interestExpense": "2275", "nonInterestIncome": "None", "otherNonOperatingIncome": "74345", "depreciation": "None", "depreciationAndAmortization": "72887", "incomeBeforeTax": "-18252152", "incomeTaxExpense": "-482017", "interestAndDebtExpense": "None", "netIncomeFromContinuingOperations": "-17770135", "comprehensiveIncomeNetOfTax": "None", "ebit": "-18249877", "ebitda": "-18176990", "netIncome": "-17770135"}, {"fiscalDateEnding": "2020-06-30", "reportedCurrency": "USD", "grossProfit": "721636", "totalRevenue": "721636", "costOfRevenue": "16594249", "costofGoodsAndServicesSold": "16594249", "operatingIncome": "-18417970", "sellingGeneralAndAdministrative": "2545356", "researchAndDevelopment": "16594250", "operatingExpenses": "19139606", "investmentIncomeNet": "None", "netInterestIncome": "78150", "interestIncome": "81458", "interestExpense": "3308", "nonInterestIncome": "None", "otherNonOperatingIncome": "75580", "depreciation": "None", "depreciationAndAmortization": "72689", "incomeBeforeTax": "-18345698", "incomeTaxExpense": "-1578782", "interestAndDebtExpense": "None", "netIncomeFromContinuingOperations": "-16766916", "comprehensiveIncomeNetOfTax": "None", "ebit": "-18342390", "ebitda": "-18269701", "netIncome": "-16766916"}, {"fiscalDateEnding": "2020-03-31", "reportedCurrency": "USD", "grossProfit": "-3224837", "totalRevenue": "2212694", "costOfRevenue": "5437531", "costofGoodsAndServicesSold": "5437531", "operatingIncome": "-7306754", "sellingGeneralAndAdministrative": "2331917", "researchAndDevelopment": "7187531", "operatingExpenses": "4081917", "investmentIncomeNet": "None", "netInterestIncome": "149684", "interestIncome": "151569", "interestExpense": "1885", "nonInterestIncome": "None", "otherNonOperatingIncome": "177111", "depreciation": "None", "depreciationAndAmortization": "73356", "incomeBeforeTax": "-7131528", "incomeTaxExpense": "-3245879", "interestAndDebtExpense": "None", "netIncomeFromContinuingOperations": "-3885649", "comprehensiveIncomeNetOfTax": "None", "ebit": "-5556754", "ebitda": "-5483398", "netIncome": "-3885649"}, {"fiscalDateEnding": "2019-12-31", "reportedCurrency": "USD", "grossProfit": "-1597288", "totalRevenue": "575801", "costOfRevenue": "2173089", "costofGoodsAndServicesSold": "2173089", "operatingIncome": "-4312111", "sellingGeneralAndAdministrative": "2014822", "researchAndDevelopment": "3873089", "operatingExpenses": "2714823", "investmentIncomeNet": "None", "netInterestIncome": "194141", "interestIncome": "194141", "interestExpense": "2246244", "nonInterestIncome": "None", "otherNonOperatingIncome": "215485", "depreciation": "None", "depreciationAndAmortization": "70343", "incomeBeforeTax": "-4096625", "incomeTaxExpense": "-58441500", "interestAndDebtExpense": "None", "netIncomeFromContinuingOperations": "-4096625", "comprehensiveIncomeNetOfTax": "None", "ebit": "-3612111", "ebitda": "-3541768", "netIncome": "-4096625"}, {"fiscalDateEnding": "2019-09-30", "reportedCurrency": "USD", "grossProfit": "-8085719", "totalRevenue": "643978", "costOfRevenue": "8729697", "costofGoodsAndServicesSold": "8729697", "operatingIncome": "-11273380", "sellingGeneralAndAdministrative": "2187661", "researchAndDevelopment": "8729697", "operatingExpenses": "10917358", "investmentIncomeNet": "None", "netInterestIncome": "223302", "interestIncome": "224058", "interestExpense": "756", "nonInterestIncome": "None", "otherNonOperatingIncome": "276324", "depreciation": "None", "depreciationAndAmortization": "87499", "incomeBeforeTax": "-10997812", "incomeTaxExpense": "-58500", "interestAndDebtExpense": "None", "netIncomeFromContinuingOperations": "-10939312", "comprehensiveIncomeNetOfTax": "None", "ebit": "-10997052", "ebitda": "-10909553", "netIncome": "-10939312"}, {"fiscalDateEnding": "2019-06-30", "reportedCurrency": "USD", "grossProfit": "-1319067", "totalRevenue": "1626029", "costOfRevenue": "2945096", "costofGoodsAndServicesSold": "2945096", "operatingIncome": "-3550884", "sellingGeneralAndAdministrative": "2231817", "researchAndDevelopment": "2945096", "operatingExpenses": "5176913", "investmentIncomeNet": "None", "netInterestIncome": "239216", "interestIncome": "239964", "interestExpense": "748", "nonInterestIncome": "None", "otherNonOperatingIncome": "164744", "depreciation": "None", "depreciationAndAmortization": "75458", "incomeBeforeTax": "-3386888", "incomeTaxExpense": "-28472", "interestAndDebtExpense": "None", "netIncomeFromContinuingOperations": "-3386888", "comprehensiveIncomeNetOfTax": "None", "ebit": "-3386140", "ebitda": "-3310682", "netIncome": "-3386888"}, {"fiscalDateEnding": "2019-03-31", "reportedCurrency": "USD", "grossProfit": "-262079", "totalRevenue": "2955592", "costOfRevenue": "3217671", "costofGoodsAndServicesSold": "3217671", "operatingIncome": "-2328561", "sellingGeneralAndAdministrative": "2066482", "researchAndDevelopment": "3217671", "operatingExpenses": "5284153", "investmentIncomeNet": "None", "netInterestIncome": "184506", "interestIncome": "184510", "interestExpense": "740", "nonInterestIncome": "None", "otherNonOperatingIncome": "231995", "depreciation": "None", "depreciationAndAmortization": "154021", "incomeBeforeTax": "-2097306", "incomeTaxExpense": "-2831670", "interestAndDebtExpense": "None", "netIncomeFromContinuingOperations": "-2097306", "comprehensiveIncomeNetOfTax": "None", "ebit": "-2096565", "ebitda": "-1942544", "netIncome": "-2097306"}, {"fiscalDateEnding": "2018-12-31", "reportedCurrency": "USD", "grossProfit": "2588655", "totalRevenue": "2588654", "costOfRevenue": "3064694", "costofGoodsAndServicesSold": "3064694", "operatingIncome": "-2895970", "sellingGeneralAndAdministrative": "2419930", "researchAndDevelopment": "3064694", "operatingExpenses": "5484624", "investmentIncomeNet": "None", "netInterestIncome": "None", "interestIncome": "None", "interestExpense": "127353", "nonInterestIncome": "None", "otherNonOperatingIncome": "134040", "depreciation": "None", "depreciationAndAmortization": "110644", "incomeBeforeTax": "-27339293", "incomeTaxExpense": "-2831670", "interestAndDebtExpense": "None", "netIncomeFromContinuingOperations": "-24507623", "comprehensiveIncomeNetOfTax": "None", "ebit": "-2895970", "ebitda": "-2785326", "netIncome": "-24507623"}, {"fiscalDateEnding": "2018-09-30", "reportedCurrency": "USD", "grossProfit": "-2094333", "totalRevenue": "2634393", "costOfRevenue": "4728726", "costofGoodsAndServicesSold": "4728726", "operatingIncome": "-4058066", "sellingGeneralAndAdministrative": "1963733", "researchAndDevelopment": "4728726", "operatingExpenses": "6692459", "investmentIncomeNet": "None", "netInterestIncome": "None", "interestIncome": "None", "interestExpense": "166946", "nonInterestIncome": "None", "otherNonOperatingIncome": "1044470", "depreciation": "None", "depreciationAndAmortization": "84751", "incomeBeforeTax": "-3180542", "incomeTaxExpense": "-829393", "interestAndDebtExpense": "None", "netIncomeFromContinuingOperations": "-2351149", "comprehensiveIncomeNetOfTax": "None", "ebit": "-3013602", "ebitda": "-2928851", "netIncome": "-2351149"}, {"fiscalDateEnding": "2018-06-30", "reportedCurrency": "USD", "grossProfit": "-2501821", "totalRevenue": "2417140", "costOfRevenue": "4918961", "costofGoodsAndServicesSold": "4918961", "operatingIncome": "-5435803", "sellingGeneralAndAdministrative": "2933982", "researchAndDevelopment": "4918961", "operatingExpenses": "7852943", "investmentIncomeNet": "None", "netInterestIncome": "None", "interestIncome": "None", "interestExpense": "1921", "nonInterestIncome": "None", "otherNonOperatingIncome": "-5198211", "depreciation": "None", "depreciationAndAmortization": "67284", "incomeBeforeTax": "-10635935", "incomeTaxExpense": "-1497093", "interestAndDebtExpense": "None", "netIncomeFromContinuingOperations": "-9138842", "comprehensiveIncomeNetOfTax": "None", "ebit": "-10633861", "ebitda": "-10566577", "netIncome": "-9138842"}, {"fiscalDateEnding": "2018-03-31", "reportedCurrency": "USD", "grossProfit": "-5742033", "totalRevenue": "4938", "costOfRevenue": "5746971", "costofGoodsAndServicesSold": "5746971", "operatingIncome": "-5994561", "sellingGeneralAndAdministrative": "2447894", "researchAndDevelopment": "5746971", "operatingExpenses": "5508823", "investmentIncomeNet": "None", "netInterestIncome": "None", "interestIncome": "None", "interestExpense": "870", "nonInterestIncome": "None", "otherNonOperatingIncome": "1830255", "depreciation": "None", "depreciationAndAmortization": "39690", "incomeBeforeTax": "-4165176", "incomeTaxExpense": "-991638", "interestAndDebtExpense": "None", "netIncomeFromContinuingOperations": "-3173538", "comprehensiveIncomeNetOfTax": "None", "ebit": "-4164311", "ebitda": "-4124621", "netIncome": "-3173538"}, {"fiscalDateEnding": "2017-12-31", "reportedCurrency": "USD", "grossProfit": "2304338", "totalRevenue": "2808838", "costOfRevenue": "5507000", "costofGoodsAndServicesSold": "5507000", "operatingIncome": "-3244863", "sellingGeneralAndAdministrative": "1593775", "researchAndDevelopment": "4459926", "operatingExpenses": "6053701", "investmentIncomeNet": "None", "netInterestIncome": "None", "interestIncome": "None", "interestExpense": "2036", "nonInterestIncome": "None", "otherNonOperatingIncome": "713184", "depreciation": "None", "depreciationAndAmortization": "37419", "incomeBeforeTax": "-11942865", "incomeTaxExpense": "-3111876", "interestAndDebtExpense": "None", "netIncomeFromContinuingOperations": "-11212174", "comprehensiveIncomeNetOfTax": "None", "ebit": "-3244863", "ebitda": "-3207444", "netIncome": "-8830989"}, {"fiscalDateEnding": "2017-09-30", "reportedCurrency": "USD", "grossProfit": "-1313612", "totalRevenue": "4591940", "costOfRevenue": "5905552", "costofGoodsAndServicesSold": "5905552", "operatingIncome": "-30952368", "sellingGeneralAndAdministrative": "3038756", "researchAndDevelopment": "5905552", "operatingExpenses": "8944308", "investmentIncomeNet": "None", "netInterestIncome": "None", "interestIncome": "None", "interestExpense": "2344", "nonInterestIncome": "None", "otherNonOperatingIncome": "-483315", "depreciation": "None", "depreciationAndAmortization": "37621", "incomeBeforeTax": "-31438027", "incomeTaxExpense": "-1532790", "interestAndDebtExpense": "None", "netIncomeFromContinuingOperations": "-29905237", "comprehensiveIncomeNetOfTax": "None", "ebit": "-31435679", "ebitda": "-31398058", "netIncome": "-29905237"}, {"fiscalDateEnding": "2017-06-30", "reportedCurrency": "USD", "grossProfit": "-5249791", "totalRevenue": "4938", "costOfRevenue": "5254729", "costofGoodsAndServicesSold": "5254729", "operatingIncome": "-4011265", "sellingGeneralAndAdministrative": "1794509", "researchAndDevelopment": "5254729", "operatingExpenses": "4016203", "investmentIncomeNet": "None", "netInterestIncome": "None", "interestIncome": "None", "interestExpense": "97156", "nonInterestIncome": "None", "otherNonOperatingIncome": "4330", "depreciation": "None", "depreciationAndAmortization": "30972", "incomeBeforeTax": "-4104091", "incomeTaxExpense": "-993709", "interestAndDebtExpense": "None", "netIncomeFromContinuingOperations": "-3110382", "comprehensiveIncomeNetOfTax": "None", "ebit": "-4019494", "ebitda": "-3988522", "netIncome": "-3110382"}, {"fiscalDateEnding": "2017-03-31", "reportedCurrency": "USD", "grossProfit": "-1982051", "totalRevenue": "804071", "costOfRevenue": "2786122", "costofGoodsAndServicesSold": "2786122", "operatingIncome": "-3183323", "sellingGeneralAndAdministrative": "3228590", "researchAndDevelopment": "725797", "operatingExpenses": "3987394", "investmentIncomeNet": "None", "netInterestIncome": "None", "interestIncome": "None", "interestExpense": "60603", "nonInterestIncome": "None", "otherNonOperatingIncome": "-90566", "depreciation": "None", "depreciationAndAmortization": "33007", "incomeBeforeTax": "-3198912", "incomeTaxExpense": "-1001315", "interestAndDebtExpense": "None", "netIncomeFromContinuingOperations": "-2197597", "comprehensiveIncomeNetOfTax": "None", "ebit": "-3092757", "ebitda": "-3059750", "netIncome": "-2197597"}, {"fiscalDateEnding": "2016-12-31", "reportedCurrency": "USD", "grossProfit": "-1257052", "totalRevenue": "1119363", "costOfRevenue": "2376415", "costofGoodsAndServicesSold": "2376415", "operatingIncome": "-5512378", "sellingGeneralAndAdministrative": "5171645", "researchAndDevelopment": "1427030", "operatingExpenses": "6631741", "investmentIncomeNet": "None", "netInterestIncome": "None", "interestIncome": "None", "interestExpense": "168150000000", "nonInterestIncome": "None", "otherNonOperatingIncome": "94294500", "depreciation": "None", "depreciationAndAmortization": "33066", "incomeBeforeTax": "88924658", "incomeTaxExpense": "11123066", "interestAndDebtExpense": "None", "netIncomeFromContinuingOperations": "77801592", "comprehensiveIncomeNetOfTax": "None", "ebit": "-2431390", "ebitda": "-2398324", "netIncome": "77801592"}, {"fiscalDateEnding": "2016-09-30", "reportedCurrency": "USD", "grossProfit": "-1407029", "totalRevenue": "993885", "costOfRevenue": "2400914", "costofGoodsAndServicesSold": "2400914", "operatingIncome": "-3989789", "sellingGeneralAndAdministrative": "3714747", "researchAndDevelopment": "1236692", "operatingExpenses": "4983674", "investmentIncomeNet": "None", "netInterestIncome": "None", "interestIncome": "None", "interestExpense": "9408", "nonInterestIncome": "None", "otherNonOperatingIncome": "113215053", "depreciation": "None", "depreciationAndAmortization": "32235", "incomeBeforeTax": "109250450", "incomeTaxExpense": "15437", "interestAndDebtExpense": "None", "netIncomeFromContinuingOperations": "109235013", "comprehensiveIncomeNetOfTax": "None", "ebit": "-4792443", "ebitda": "-4760208", "netIncome": "109235013"}, {"fiscalDateEnding": "2016-06-30", "reportedCurrency": "USD", "grossProfit": "729741", "totalRevenue": "2111254", "costOfRevenue": "1381513", "costofGoodsAndServicesSold": "1381513", "operatingIncome": "-507744", "sellingGeneralAndAdministrative": "1435381", "researchAndDevelopment": "1143182", "operatingExpenses": "2618998", "investmentIncomeNet": "None", "netInterestIncome": "None", "interestIncome": "None", "interestExpense": "8773", "nonInterestIncome": "None", "otherNonOperatingIncome": "8566176", "depreciation": "None", "depreciationAndAmortization": "40435", "incomeBeforeTax": "8059910", "incomeTaxExpense": "15436", "interestAndDebtExpense": "None", "netIncomeFromContinuingOperations": "8044474", "comprehensiveIncomeNetOfTax": "None", "ebit": "-1590840", "ebitda": "-1550405", "netIncome": "8044474"}, {"fiscalDateEnding": "2016-03-31", "reportedCurrency": "USD", "grossProfit": "-56924", "totalRevenue": "1005694", "costOfRevenue": "1062618", "costofGoodsAndServicesSold": "1062618", "operatingIncome": "-1254436", "sellingGeneralAndAdministrative": "1193298", "researchAndDevelopment": "1029131", "operatingExpenses": "2260130", "investmentIncomeNet": "None", "netInterestIncome": "None", "interestIncome": "None", "interestExpense": "1050", "nonInterestIncome": "None", "otherNonOperatingIncome": "44017", "depreciation": "None", "depreciationAndAmortization": "37701", "incomeBeforeTax": "-1211469", "incomeTaxExpense": "15437", "interestAndDebtExpense": "None", "netIncomeFromContinuingOperations": "-1226906", "comprehensiveIncomeNetOfTax": "None", "ebit": "-1292137", "ebitda": "-1254436", "netIncome": "-1226906"}, {"fiscalDateEnding": "2015-12-31", "reportedCurrency": "USD", "grossProfit": "-277667", "totalRevenue": "1266505", "costOfRevenue": "1544172", "costofGoodsAndServicesSold": "1544172", "operatingIncome": "-940469", "sellingGeneralAndAdministrative": "975789", "researchAndDevelopment": "1171493", "operatingExpenses": "2180088", "investmentIncomeNet": "None", "netInterestIncome": "None", "interestIncome": "None", "interestExpense": "6089", "nonInterestIncome": "None", "otherNonOperatingIncome": "-276406", "depreciation": "None", "depreciationAndAmortization": "32806", "incomeBeforeTax": "-1222964", "incomeTaxExpense": "15436", "interestAndDebtExpense": "None", "netIncomeFromContinuingOperations": "-1238400", "comprehensiveIncomeNetOfTax": "None", "ebit": "-413539", "ebitda": "-380733", "netIncome": "-1238400"}, {"fiscalDateEnding": "2015-09-30", "reportedCurrency": "USD", "grossProfit": "-490563", "totalRevenue": "1155839", "costOfRevenue": "1646402", "costofGoodsAndServicesSold": "1646402", "operatingIncome": "-1658548", "sellingGeneralAndAdministrative": "1231035", "researchAndDevelopment": "1125865", "operatingExpenses": "2391905", "investmentIncomeNet": "None", "netInterestIncome": "None", "interestIncome": "None", "interestExpense": "9888", "nonInterestIncome": "None", "otherNonOperatingIncome": "359105", "depreciation": "None", "depreciationAndAmortization": "35005", "incomeBeforeTax": "-1309331", "incomeTaxExpense": "15437", "interestAndDebtExpense": "None", "netIncomeFromContinuingOperations": "-1324768", "comprehensiveIncomeNetOfTax": "None", "ebit": "-1076733", "ebitda": "-1041728", "netIncome": "-1324768"}, {"fiscalDateEnding": "2015-06-30", "reportedCurrency": "USD", "grossProfit": "1149570", "totalRevenue": "1149570", "costOfRevenue": "0", "costofGoodsAndServicesSold": "0", "operatingIncome": "-1964867", "sellingGeneralAndAdministrative": "1819241", "researchAndDevelopment": "1222527", "operatingExpenses": "3078455", "investmentIncomeNet": "None", "netInterestIncome": "None", "interestIncome": "None", "interestExpense": "13279", "nonInterestIncome": "None", "otherNonOperatingIncome": "-351718", "depreciation": "None", "depreciationAndAmortization": "36687", "incomeBeforeTax": "-2329864", "incomeTaxExpense": "11068", "interestAndDebtExpense": "None", "netIncomeFromContinuingOperations": "-2340932", "comprehensiveIncomeNetOfTax": "None", "ebit": "-2316585", "ebitda": "-2279898", "netIncome": "-2340932"}, {"fiscalDateEnding": "2015-03-31", "reportedCurrency": "USD", "grossProfit": "7068746", "totalRevenue": "7068746", "costOfRevenue": "0", "costofGoodsAndServicesSold": "0", "operatingIncome": "1161084", "sellingGeneralAndAdministrative": "2196120", "researchAndDevelopment": "1613627", "operatingExpenses": "3846853", "investmentIncomeNet": "None", "netInterestIncome": "None", "interestIncome": "None", "interestExpense": "25325", "nonInterestIncome": "None", "otherNonOperatingIncome": "347441", "depreciation": "None", "depreciationAndAmortization": "37106", "incomeBeforeTax": "1483200", "incomeTaxExpense": "19805", "interestAndDebtExpense": "None", "netIncomeFromContinuingOperations": "1463395", "comprehensiveIncomeNetOfTax": "None", "ebit": "1508525", "ebitda": "1545631", "netIncome": "1463395"}, {"fiscalDateEnding": "2014-12-31", "reportedCurrency": "USD", "grossProfit": "1826296", "totalRevenue": "1826296", "costOfRevenue": "4265070", "costofGoodsAndServicesSold": "4265070", "operatingIncome": "-2623538", "sellingGeneralAndAdministrative": "2621936", "researchAndDevelopment": "1791212", "operatingExpenses": "4449834", "investmentIncomeNet": "None", "netInterestIncome": "None", "interestIncome": "None", "interestExpense": "36353", "nonInterestIncome": "None", "otherNonOperatingIncome": "44138", "depreciation": "None", "depreciationAndAmortization": "36686", "incomeBeforeTax": "-2615759", "incomeTaxExpense": "13641", "interestAndDebtExpense": "None", "netIncomeFromContinuingOperations": "-2629400", "comprehensiveIncomeNetOfTax": "None", "ebit": "-2579406", "ebitda": "-2542720", "netIncome": "-2629400"}, {"fiscalDateEnding": "2014-09-30", "reportedCurrency": "USD", "grossProfit": "962451", "totalRevenue": "962451", "costOfRevenue": "0", "costofGoodsAndServicesSold": "0", "operatingIncome": "-3996030", "sellingGeneralAndAdministrative": "3192427", "researchAndDevelopment": "1728929", "operatingExpenses": "4958481", "investmentIncomeNet": "None", "netInterestIncome": "None", "interestIncome": "None", "interestExpense": "46938", "nonInterestIncome": "None", "otherNonOperatingIncome": "-560399", "depreciation": "None", "depreciationAndAmortization": "37125", "incomeBeforeTax": "-4603367", "incomeTaxExpense": "25068", "interestAndDebtExpense": "None", "netIncomeFromContinuingOperations": "-4628435", "comprehensiveIncomeNetOfTax": "None", "ebit": "-4556437", "ebitda": "-4519312", "netIncome": "-4628435"}, {"fiscalDateEnding": "2014-06-30", "reportedCurrency": "USD", "grossProfit": "3658933", "totalRevenue": "3658933", "costOfRevenue": "0", "costofGoodsAndServicesSold": "0", "operatingIncome": "-1169871", "sellingGeneralAndAdministrative": "2419909", "researchAndDevelopment": "2372687", "operatingExpenses": "4828804", "investmentIncomeNet": "None", "netInterestIncome": "None", "interestIncome": "None", "interestExpense": "57230", "nonInterestIncome": "None", "otherNonOperatingIncome": "781313", "depreciation": "None", "depreciationAndAmortization": "36208", "incomeBeforeTax": "-445788", "incomeTaxExpense": "-6668", "interestAndDebtExpense": "None", "netIncomeFromContinuingOperations": "-439120", "comprehensiveIncomeNetOfTax": "None", "ebit": "-389234", "ebitda": "-353026", "netIncome": "-439120"}, {"fiscalDateEnding": "2014-03-31", "reportedCurrency": "USD", "grossProfit": "3742525", "totalRevenue": "3742525", "costOfRevenue": "0", "costofGoodsAndServicesSold": "0", "operatingIncome": "-2401866", "sellingGeneralAndAdministrative": "2677452", "researchAndDevelopment": "3427000", "operatingExpenses": "6144391", "investmentIncomeNet": "None", "netInterestIncome": "None", "interestIncome": "None", "interestExpense": "69872", "nonInterestIncome": "None", "otherNonOperatingIncome": "243003", "depreciation": "None", "depreciationAndAmortization": "39939", "incomeBeforeTax": "-2228735", "incomeTaxExpense": "29705", "interestAndDebtExpense": "None", "netIncomeFromContinuingOperations": "-2258440", "comprehensiveIncomeNetOfTax": "None", "ebit": "-2158863", "ebitda": "-2118924", "netIncome": "-2258440"}, {"fiscalDateEnding": "2013-12-31", "reportedCurrency": "USD", "grossProfit": "3653927", "totalRevenue": "3653927", "costOfRevenue": "0", "costofGoodsAndServicesSold": "0", "operatingIncome": "-5067563", "sellingGeneralAndAdministrative": "4580313", "researchAndDevelopment": "4097739", "operatingExpenses": "8721490", "investmentIncomeNet": "None", "netInterestIncome": "None", "interestIncome": "None", "interestExpense": "79646", "nonInterestIncome": "None", "otherNonOperatingIncome": "734493", "depreciation": "None", "depreciationAndAmortization": "43438", "incomeBeforeTax": "-4412716", "incomeTaxExpense": "11993", "interestAndDebtExpense": "None", "netIncomeFromContinuingOperations": "-4424709", "comprehensiveIncomeNetOfTax": "None", "ebit": "-4333070", "ebitda": "-4289632", "netIncome": "-4424709"}, {"fiscalDateEnding": "2013-09-30", "reportedCurrency": "USD", "grossProfit": "3488142", "totalRevenue": "3488142", "costOfRevenue": "0", "costofGoodsAndServicesSold": "0", "operatingIncome": "-3199182", "sellingGeneralAndAdministrative": "4086348", "researchAndDevelopment": "2556383", "operatingExpenses": "6687324", "investmentIncomeNet": "None", "netInterestIncome": "None", "interestIncome": "None", "interestExpense": "89817", "nonInterestIncome": "None", "otherNonOperatingIncome": "-628084", "depreciation": "None", "depreciationAndAmortization": "44593", "incomeBeforeTax": "-3917083", "incomeTaxExpense": "28804", "interestAndDebtExpense": "None", "netIncomeFromContinuingOperations": "-3945887", "comprehensiveIncomeNetOfTax": "None", "ebit": "-3827266", "ebitda": "-3782673", "netIncome": "-3945887"}, {"fiscalDateEnding": "2013-06-30", "reportedCurrency": "USD", "grossProfit": "4295400", "totalRevenue": "4295400", "costOfRevenue": "0", "costofGoodsAndServicesSold": "0", "operatingIncome": "-1481729", "sellingGeneralAndAdministrative": "2332730", "researchAndDevelopment": "3402545", "operatingExpenses": "5777129", "investmentIncomeNet": "None", "netInterestIncome": "None", "interestIncome": "None", "interestExpense": "100027", "nonInterestIncome": "None", "otherNonOperatingIncome": "356590", "depreciation": "None", "depreciationAndAmortization": "41854", "incomeBeforeTax": "-1225166", "incomeTaxExpense": "11206", "interestAndDebtExpense": "None", "netIncomeFromContinuingOperations": "-1236372", "comprehensiveIncomeNetOfTax": "None", "ebit": "-1125139", "ebitda": "-1083285", "netIncome": "-1236372"}, {"fiscalDateEnding": "2013-03-31", "reportedCurrency": "USD", "grossProfit": "6475138", "totalRevenue": "6475138", "costOfRevenue": "0", "costofGoodsAndServicesSold": "0", "operatingIncome": "-1090734", "sellingGeneralAndAdministrative": "2279795", "researchAndDevelopment": "5233475", "operatingExpenses": "7565872", "investmentIncomeNet": "None", "netInterestIncome": "None", "interestIncome": "None", "interestExpense": "99791", "nonInterestIncome": "None", "otherNonOperatingIncome": "-911117", "depreciation": "None", "depreciationAndAmortization": "52602", "incomeBeforeTax": "-2101642", "incomeTaxExpense": "9743", "interestAndDebtExpense": "None", "netIncomeFromContinuingOperations": "-2111385", "comprehensiveIncomeNetOfTax": "None", "ebit": "-1090734", "ebitda": "-1038132", "netIncome": "-2111385"}, {"fiscalDateEnding": "2012-12-31", "reportedCurrency": "USD", "grossProfit": "6013711", "totalRevenue": "6013711", "costOfRevenue": "0", "costofGoodsAndServicesSold": "0", "operatingIncome": "-1427113", "sellingGeneralAndAdministrative": "2624724", "researchAndDevelopment": "4746995", "operatingExpenses": "7440824", "investmentIncomeNet": "None", "netInterestIncome": "None", "interestIncome": "None", "interestExpense": "115651", "nonInterestIncome": "None", "otherNonOperatingIncome": "279935", "depreciation": "None", "depreciationAndAmortization": "69105", "incomeBeforeTax": "-1262829", "incomeTaxExpense": "6919", "interestAndDebtExpense": "None", "netIncomeFromContinuingOperations": "-1269748", "comprehensiveIncomeNetOfTax": "None", "ebit": "-1147178", "ebitda": "-1078073", "netIncome": "-1269748"}, {"fiscalDateEnding": "2012-09-30", "reportedCurrency": "USD", "grossProfit": "6696126", "totalRevenue": "6696126", "costOfRevenue": "0", "costofGoodsAndServicesSold": "0", "operatingIncome": "-1790377", "sellingGeneralAndAdministrative": "3275428", "researchAndDevelopment": "5138622", "operatingExpenses": "8486503", "investmentIncomeNet": "None", "netInterestIncome": "None", "interestIncome": "None", "interestExpense": "112529", "nonInterestIncome": "None", "otherNonOperatingIncome": "1711042", "depreciation": "None", "depreciationAndAmortization": "72453", "incomeBeforeTax": "-191864", "incomeTaxExpense": "22072", "interestAndDebtExpense": "None", "netIncomeFromContinuingOperations": "-213936", "comprehensiveIncomeNetOfTax": "None", "ebit": "-1784650", "ebitda": "-1712197", "netIncome": "-213936"}, {"fiscalDateEnding": "2012-06-30", "reportedCurrency": "USD", "grossProfit": "6316998", "totalRevenue": "6316998", "costOfRevenue": "0", "costofGoodsAndServicesSold": "0", "operatingIncome": "-1458204", "sellingGeneralAndAdministrative": "2780099", "researchAndDevelopment": "4918655", "operatingExpenses": "7775202", "investmentIncomeNet": "None", "netInterestIncome": "None", "interestIncome": "None", "interestExpense": "111353", "nonInterestIncome": "None", "otherNonOperatingIncome": "829147", "depreciation": "None", "depreciationAndAmortization": "76448", "incomeBeforeTax": "-740410", "incomeTaxExpense": "16133", "interestAndDebtExpense": "None", "netIncomeFromContinuingOperations": "-756543", "comprehensiveIncomeNetOfTax": "None", "ebit": "-629057", "ebitda": "-552609", "netIncome": "-756543"}, {"fiscalDateEnding": "2012-03-31", "reportedCurrency": "USD", "grossProfit": "6149052", "totalRevenue": "6149052", "costOfRevenue": "0", "costofGoodsAndServicesSold": "0", "operatingIncome": "-1590696", "sellingGeneralAndAdministrative": "2948481", "researchAndDevelopment": "4705357", "operatingExpenses": "7739748", "investmentIncomeNet": "None", "netInterestIncome": "None", "interestIncome": "None", "interestExpense": "3028", "nonInterestIncome": "None", "otherNonOperatingIncome": "-935759", "depreciation": "None", "depreciationAndAmortization": "85910", "incomeBeforeTax": "-2529483", "incomeTaxExpense": "150405", "interestAndDebtExpense": "None", "netIncomeFromContinuingOperations": "-2679888", "comprehensiveIncomeNetOfTax": "None", "ebit": "-2526455", "ebitda": "-2440545", "netIncome": "-2679888"}, {"fiscalDateEnding": "2011-12-31", "reportedCurrency": "USD", "grossProfit": "6239655", "totalRevenue": "6239655", "costOfRevenue": "None", "costofGoodsAndServicesSold": "None", "operatingIncome": "-1082562", "sellingGeneralAndAdministrative": "2678807", "researchAndDevelopment": "4531150", "operatingExpenses": "7322217", "investmentIncomeNet": "None", "netInterestIncome": "None", "interestIncome": "None", "interestExpense": "14033", "nonInterestIncome": "None", "otherNonOperatingIncome": "None", "depreciation": "None", "depreciationAndAmortization": "112260", "incomeBeforeTax": "-3797573000000", "incomeTaxExpense": "-4546766", "interestAndDebtExpense": "None", "netIncomeFromContinuingOperations": "None", "comprehensiveIncomeNetOfTax": "None", "ebit": "-1082562", "ebitda": "-970302", "netIncome": "749193"}, {"fiscalDateEnding": "2011-09-30", "reportedCurrency": "USD", "grossProfit": "5260057", "totalRevenue": "5260057", "costOfRevenue": "0", "costofGoodsAndServicesSold": "0", "operatingIncome": "-3021914", "sellingGeneralAndAdministrative": "3283246", "researchAndDevelopment": "4884231", "operatingExpenses": "8281971", "investmentIncomeNet": "None", "netInterestIncome": "None", "interestIncome": "None", "interestExpense": "9932", "nonInterestIncome": "None", "otherNonOperatingIncome": "2998350", "depreciation": "None", "depreciationAndAmortization": "114494", "incomeBeforeTax": "-33496000000", "incomeTaxExpense": "-2988418", "interestAndDebtExpense": "None", "netIncomeFromContinuingOperations": "-33496", "comprehensiveIncomeNetOfTax": "None", "ebit": "-6016303", "ebitda": "-5901809", "netIncome": "-33496"}, {"fiscalDateEnding": "2011-06-30", "reportedCurrency": "USD", "grossProfit": "6428840", "totalRevenue": "6428840", "costOfRevenue": "0", "costofGoodsAndServicesSold": "0", "operatingIncome": "-3081320", "sellingGeneralAndAdministrative": "3409372", "researchAndDevelopment": "5984098", "operatingExpenses": "9510160", "investmentIncomeNet": "None", "netInterestIncome": "None", "interestIncome": "None", "interestExpense": "15173", "nonInterestIncome": "None", "otherNonOperatingIncome": "658880", "depreciation": "None", "depreciationAndAmortization": "116690", "incomeBeforeTax": "-2437613000000", "incomeTaxExpense": "-643707", "interestAndDebtExpense": "None", "netIncomeFromContinuingOperations": "-2437613", "comprehensiveIncomeNetOfTax": "None", "ebit": "-2422440", "ebitda": "-2305750", "netIncome": "-2437613"}, {"fiscalDateEnding": "2011-03-31", "reportedCurrency": "USD", "grossProfit": "6337722", "totalRevenue": "6337722", "costOfRevenue": "None", "costofGoodsAndServicesSold": "None", "operatingIncome": "-4539935", "sellingGeneralAndAdministrative": "4939654", "researchAndDevelopment": "5820374", "operatingExpenses": "10877657", "investmentIncomeNet": "None", "netInterestIncome": "None", "interestIncome": "None", "interestExpense": "15435", "nonInterestIncome": "None", "otherNonOperatingIncome": "None", "depreciation": "None", "depreciationAndAmortization": "117629", "incomeBeforeTax": "-2075657000000", "incomeTaxExpense": "-2464278", "interestAndDebtExpense": "None", "netIncomeFromContinuingOperations": "None", "comprehensiveIncomeNetOfTax": "None", "ebit": "-2060222", "ebitda": "-1942593", "netIncome": "-2075657"}, {"fiscalDateEnding": "2010-12-31", "reportedCurrency": "USD", "grossProfit": "6853894", "totalRevenue": "6853894", "costOfRevenue": "None", "costofGoodsAndServicesSold": "None", "operatingIncome": "-7245307", "sellingGeneralAndAdministrative": "5390629", "researchAndDevelopment": "3810636", "operatingExpenses": "14099201", "investmentIncomeNet": "None", "netInterestIncome": "None", "interestIncome": "None", "interestExpense": "3120842", "nonInterestIncome": "None", "otherNonOperatingIncome": "None", "depreciation": "None", "depreciationAndAmortization": "262447", "incomeBeforeTax": "-34849277000000", "incomeTaxExpense": "-18665165", "interestAndDebtExpense": "None", "netIncomeFromContinuingOperations": "None", "comprehensiveIncomeNetOfTax": "None", "ebit": "-2609818", "ebitda": "-2347371", "netIncome": "-16184112"}, {"fiscalDateEnding": "2010-09-30", "reportedCurrency": "USD", "grossProfit": "6243567", "totalRevenue": "6243567", "costOfRevenue": "None", "costofGoodsAndServicesSold": "None", "operatingIncome": "-3364699", "sellingGeneralAndAdministrative": "3177888", "researchAndDevelopment": "6172147", "operatingExpenses": "9608266", "investmentIncomeNet": "None", "netInterestIncome": "None", "interestIncome": "None", "interestExpense": "946023", "nonInterestIncome": "None", "otherNonOperatingIncome": "None", "depreciation": "None", "depreciationAndAmortization": "258231", "incomeBeforeTax": "-4328204000000", "incomeTaxExpense": "963505", "interestAndDebtExpense": "None", "netIncomeFromContinuingOperations": "None", "comprehensiveIncomeNetOfTax": "None", "ebit": "-3364699", "ebitda": "-3106468", "netIncome": "-4328204"}, {"fiscalDateEnding": "2010-06-30", "reportedCurrency": "USD", "grossProfit": "4779591", "totalRevenue": "4779591", "costOfRevenue": "None", "costofGoodsAndServicesSold": "None", "operatingIncome": "-5537031", "sellingGeneralAndAdministrative": "4121822", "researchAndDevelopment": "5940360", "operatingExpenses": "10316622", "investmentIncomeNet": "None", "netInterestIncome": "None", "interestIncome": "None", "interestExpense": "921465", "nonInterestIncome": "None", "otherNonOperatingIncome": "None", "depreciation": "None", "depreciationAndAmortization": "254440", "incomeBeforeTax": "-6392692000000", "incomeTaxExpense": "855661", "interestAndDebtExpense": "None", "netIncomeFromContinuingOperations": "None", "comprehensiveIncomeNetOfTax": "None", "ebit": "-5537031", "ebitda": "-5282591", "netIncome": "-6392692"}, {"fiscalDateEnding": "2010-03-31", "reportedCurrency": "USD", "grossProfit": "3116553", "totalRevenue": "3116553", "costOfRevenue": "None", "costofGoodsAndServicesSold": "None", "operatingIncome": "-7406520", "sellingGeneralAndAdministrative": "5325422", "researchAndDevelopment": "4952393", "operatingExpenses": "10523073", "investmentIncomeNet": "None", "netInterestIncome": "None", "interestIncome": "None", "interestExpense": "948150", "nonInterestIncome": "None", "otherNonOperatingIncome": "None", "depreciation": "None", "depreciationAndAmortization": "245258", "incomeBeforeTax": "-7944269000000", "incomeTaxExpense": "537749", "interestAndDebtExpense": "None", "netIncomeFromContinuingOperations": "None", "comprehensiveIncomeNetOfTax": "None", "ebit": "-7406520", "ebitda": "-7161262", "netIncome": "-7944269"}, {"fiscalDateEnding": "2009-12-31", "reportedCurrency": "USD", "grossProfit": "7126465", "totalRevenue": "7126465", "costOfRevenue": "None", "costofGoodsAndServicesSold": "None", "operatingIncome": "-6042828", "sellingGeneralAndAdministrative": "6645470", "researchAndDevelopment": "7450009", "operatingExpenses": "13169293", "investmentIncomeNet": "None", "netInterestIncome": "None", "interestIncome": "None", "interestExpense": "887900", "nonInterestIncome": "None", "otherNonOperatingIncome": "None", "depreciation": "None", "depreciationAndAmortization": "232380", "incomeBeforeTax": "-32279760000", "incomeTaxExpense": "-26607669", "interestAndDebtExpense": "None", "netIncomeFromContinuingOperations": "None", "comprehensiveIncomeNetOfTax": "None", "ebit": "-6042828", "ebitda": "-5810448", "netIncome": "-5672091"}, {"fiscalDateEnding": "2009-09-30", "reportedCurrency": "USD", "grossProfit": "6830399", "totalRevenue": "6830399", "costOfRevenue": "None", "costofGoodsAndServicesSold": "None", "operatingIncome": "-7526015", "sellingGeneralAndAdministrative": "6224868", "researchAndDevelopment": "7609794", "operatingExpenses": "14356414", "investmentIncomeNet": "None", "netInterestIncome": "None", "interestIncome": "None", "interestExpense": "748892", "nonInterestIncome": "None", "otherNonOperatingIncome": "None", "depreciation": "None", "depreciationAndAmortization": "247747", "incomeBeforeTax": "-13962722000", "incomeTaxExpense": "6436707", "interestAndDebtExpense": "None", "netIncomeFromContinuingOperations": "None", "comprehensiveIncomeNetOfTax": "None", "ebit": "-7526015", "ebitda": "-7278268", "netIncome": "-13962722"}, {"fiscalDateEnding": "2009-06-30", "reportedCurrency": "USD", "grossProfit": "8071211", "totalRevenue": "8071211", "costOfRevenue": "None", "costofGoodsAndServicesSold": "None", "operatingIncome": "-6770085", "sellingGeneralAndAdministrative": "4416248", "researchAndDevelopment": "9464629", "operatingExpenses": "14841296", "investmentIncomeNet": "None", "netInterestIncome": "None", "interestIncome": "None", "interestExpense": "598395", "nonInterestIncome": "None", "otherNonOperatingIncome": "None", "depreciation": "None", "depreciationAndAmortization": "87526", "incomeBeforeTax": "-6631925000", "incomeTaxExpense": "-25987", "interestAndDebtExpense": "None", "netIncomeFromContinuingOperations": "None", "comprehensiveIncomeNetOfTax": "None", "ebit": "-6657912", "ebitda": "-6570386", "netIncome": "-6631925"}, {"fiscalDateEnding": "2009-03-31", "reportedCurrency": "USD", "grossProfit": "5521903", "totalRevenue": "5521903", "costOfRevenue": "None", "costofGoodsAndServicesSold": "None", "operatingIncome": "-5511900", "sellingGeneralAndAdministrative": "5146000", "researchAndDevelopment": "5695326", "operatingExpenses": "11033803", "investmentIncomeNet": "None", "netInterestIncome": "None", "interestIncome": "None", "interestExpense": "602115", "nonInterestIncome": "None", "otherNonOperatingIncome": "None", "depreciation": "None", "depreciationAndAmortization": "304651", "incomeBeforeTax": "-6013022000000", "incomeTaxExpense": "501122", "interestAndDebtExpense": "None", "netIncomeFromContinuingOperations": "None", "comprehensiveIncomeNetOfTax": "None", "ebit": "-5624073", "ebitda": "-5319422", "netIncome": "-6013022"}, {"fiscalDateEnding": "2008-12-31", "reportedCurrency": "USD", "grossProfit": "5480509", "totalRevenue": "5480509", "costOfRevenue": "None", "costofGoodsAndServicesSold": "None", "operatingIncome": "-4770513", "sellingGeneralAndAdministrative": "4741561", "researchAndDevelopment": "5336995", "operatingExpenses": "10251022", "investmentIncomeNet": "None", "netInterestIncome": "None", "interestIncome": "None", "interestExpense": "626161", "nonInterestIncome": "None", "otherNonOperatingIncome": "None", "depreciation": "None", "depreciationAndAmortization": "172466", "incomeBeforeTax": "4342378", "incomeTaxExpense": "-26870785", "interestAndDebtExpense": "None", "netIncomeFromContinuingOperations": "None", "comprehensiveIncomeNetOfTax": "None", "ebit": "-4770513", "ebitda": "-4598047", "netIncome": "-5201950"}, {"fiscalDateEnding": "2008-09-30", "reportedCurrency": "USD", "grossProfit": "10676166", "totalRevenue": "10676166", "costOfRevenue": "None", "costofGoodsAndServicesSold": "None", "operatingIncome": "-3971526", "sellingGeneralAndAdministrative": "4803190", "researchAndDevelopment": "9414093", "operatingExpenses": "14422692", "investmentIncomeNet": "None", "netInterestIncome": "None", "interestIncome": "None", "interestExpense": "628470", "nonInterestIncome": "None", "otherNonOperatingIncome": "None", "depreciation": "None", "depreciationAndAmortization": "205408", "incomeBeforeTax": "-4342378", "incomeTaxExpense": "595853", "interestAndDebtExpense": "None", "netIncomeFromContinuingOperations": "None", "comprehensiveIncomeNetOfTax": "None", "ebit": "-3578164", "ebitda": "-3372756", "netIncome": "-4342378"}, {"fiscalDateEnding": "2008-06-30", "reportedCurrency": "USD", "grossProfit": "10914448", "totalRevenue": "10914448", "costOfRevenue": "None", "costofGoodsAndServicesSold": "None", "operatingIncome": "-21589812", "sellingGeneralAndAdministrative": "5174056", "researchAndDevelopment": "11184288", "operatingExpenses": "16598258", "investmentIncomeNet": "None", "netInterestIncome": "None", "interestIncome": "None", "interestExpense": "651778", "nonInterestIncome": "None", "otherNonOperatingIncome": "None", "depreciation": "None", "depreciationAndAmortization": "231939", "incomeBeforeTax": "-21853157000", "incomeTaxExpense": "16177322", "interestAndDebtExpense": "None", "netIncomeFromContinuingOperations": "None", "comprehensiveIncomeNetOfTax": "None", "ebit": "10203904", "ebitda": "10435843", "netIncome": "-21853157"}, {"fiscalDateEnding": "2008-03-31", "reportedCurrency": "USD", "grossProfit": "5840205", "totalRevenue": "5840205", "costOfRevenue": "None", "costofGoodsAndServicesSold": "None", "operatingIncome": "-4911676", "sellingGeneralAndAdministrative": "4678723", "researchAndDevelopment": "5877055", "operatingExpenses": "10751881", "investmentIncomeNet": "None", "netInterestIncome": "None", "interestIncome": "None", "interestExpense": "666997", "nonInterestIncome": "None", "otherNonOperatingIncome": "None", "depreciation": "None", "depreciationAndAmortization": "204078", "incomeBeforeTax": "-5017628000", "incomeTaxExpense": "105952", "interestAndDebtExpense": "None", "netIncomeFromContinuingOperations": "None", "comprehensiveIncomeNetOfTax": "None", "ebit": "-4911676", "ebitda": "-4707598", "netIncome": "-5017628"}, {"fiscalDateEnding": "2007-12-31", "reportedCurrency": "USD", "grossProfit": "5963299", "totalRevenue": "5963299", "costOfRevenue": "None", "costofGoodsAndServicesSold": "None", "operatingIncome": "-5325612", "sellingGeneralAndAdministrative": "5276876", "researchAndDevelopment": "5825378", "operatingExpenses": "11288911", "investmentIncomeNet": "None", "netInterestIncome": "None", "interestIncome": "None", "interestExpense": "757459", "nonInterestIncome": "None", "otherNonOperatingIncome": "None", "depreciation": "None", "depreciationAndAmortization": "133160", "incomeBeforeTax": "-45037", "incomeTaxExpense": "-20966", "interestAndDebtExpense": "None", "netIncomeFromContinuingOperations": "None", "comprehensiveIncomeNetOfTax": "None", "ebit": "-5550375", "ebitda": "-5417215", "netIncome": "-5099178"}, {"fiscalDateEnding": "2007-09-30", "reportedCurrency": "USD", "grossProfit": "3372130", "totalRevenue": "3372130", "costOfRevenue": "None", "costofGoodsAndServicesSold": "None", "operatingIncome": "-3635513", "sellingGeneralAndAdministrative": "3150894", "researchAndDevelopment": "3647329", "operatingExpenses": "7007643", "investmentIncomeNet": "None", "netInterestIncome": "None", "interestIncome": "None", "interestExpense": "593893", "nonInterestIncome": "None", "otherNonOperatingIncome": "None", "depreciation": "None", "depreciationAndAmortization": "209420", "incomeBeforeTax": "-316914", "incomeTaxExpense": "-3318599", "interestAndDebtExpense": "None", "netIncomeFromContinuingOperations": "None", "comprehensiveIncomeNetOfTax": "None", "ebit": "-3635513", "ebitda": "-3426093", "netIncome": "-316914"}, {"fiscalDateEnding": "2007-06-30", "reportedCurrency": "USD", "grossProfit": "2248086", "totalRevenue": "2248086", "costOfRevenue": "None", "costofGoodsAndServicesSold": "None", "operatingIncome": "2248086", "sellingGeneralAndAdministrative": "None", "researchAndDevelopment": "None", "operatingExpenses": "7000000", "investmentIncomeNet": "None", "netInterestIncome": "None", "interestIncome": "None", "interestExpense": "None", "nonInterestIncome": "None", "otherNonOperatingIncome": "None", "depreciation": "None", "depreciationAndAmortization": "160000", "incomeBeforeTax": "None", "incomeTaxExpense": "2299362", "interestAndDebtExpense": "None", "netIncomeFromContinuingOperations": "None", "comprehensiveIncomeNetOfTax": "None", "ebit": "2088086", "ebitda": "2248086", "netIncome": "-211276"}, {"fiscalDateEnding": "2007-03-31", "reportedCurrency": "USD", "grossProfit": "486315", "totalRevenue": "486315", "costOfRevenue": "None", "costofGoodsAndServicesSold": "None", "operatingIncome": "361951", "sellingGeneralAndAdministrative": "92228", "researchAndDevelopment": "None", "operatingExpenses": "124364", "investmentIncomeNet": "None", "netInterestIncome": "None", "interestIncome": "None", "interestExpense": "None", "nonInterestIncome": "None", "otherNonOperatingIncome": "None", "depreciation": "None", "depreciationAndAmortization": "None", "incomeBeforeTax": "361951", "incomeTaxExpense": "20966", "interestAndDebtExpense": "None", "netIncomeFromContinuingOperations": "None", "comprehensiveIncomeNetOfTax": "None", "ebit": "361951", "ebitda": "-2602670", "netIncome": "340985"}, {"fiscalDateEnding": "2006-12-31", "reportedCurrency": "USD", "grossProfit": "492156", "totalRevenue": "492156", "costOfRevenue": "None", "costofGoodsAndServicesSold": "None", "operatingIncome": "268849", "sellingGeneralAndAdministrative": "159260", "researchAndDevelopment": "None", "operatingExpenses": "223307", "investmentIncomeNet": "None", "netInterestIncome": "None", "interestIncome": "None", "interestExpense": "None", "nonInterestIncome": "None", "otherNonOperatingIncome": "None", "depreciation": "None", "depreciationAndAmortization": "None", "incomeBeforeTax": "268849", "incomeTaxExpense": "42000", "interestAndDebtExpense": "None", "netIncomeFromContinuingOperations": "None", "comprehensiveIncomeNetOfTax": "None", "ebit": "268849", "ebitda": "268849", "netIncome": "226849"}, {"fiscalDateEnding": "2006-09-30", "reportedCurrency": "USD", "grossProfit": "484485", "totalRevenue": "484485", "costOfRevenue": "None", "costofGoodsAndServicesSold": "None", "operatingIncome": "359141", "sellingGeneralAndAdministrative": "102651", "researchAndDevelopment": "None", "operatingExpenses": "125344", "investmentIncomeNet": "None", "netInterestIncome": "None", "interestIncome": "None", "interestExpense": "None", "nonInterestIncome": "None", "otherNonOperatingIncome": "None", "depreciation": "None", "depreciationAndAmortization": "None", "incomeBeforeTax": "359141", "incomeTaxExpense": "58000", "interestAndDebtExpense": "None", "netIncomeFromContinuingOperations": "None", "comprehensiveIncomeNetOfTax": "None", "ebit": "359141", "ebitda": "-3275728", "netIncome": "301141"}, {"fiscalDateEnding": "2006-06-30", "reportedCurrency": "USD", "grossProfit": "466048", "totalRevenue": "466048", "costOfRevenue": "None", "costofGoodsAndServicesSold": "None", "operatingIncome": "337894", "sellingGeneralAndAdministrative": "101075", "researchAndDevelopment": "None", "operatingExpenses": "128154", "investmentIncomeNet": "None", "netInterestIncome": "None", "interestIncome": "None", "interestExpense": "None", "nonInterestIncome": "None", "otherNonOperatingIncome": "None", "depreciation": "None", "depreciationAndAmortization": "None", "incomeBeforeTax": "337894", "incomeTaxExpense": "54000", "interestAndDebtExpense": "None", "netIncomeFromContinuingOperations": "None", "comprehensiveIncomeNetOfTax": "None", "ebit": "337894", "ebitda": "337894", "netIncome": "283894"}, {"fiscalDateEnding": "2006-03-31", "reportedCurrency": "USD", "grossProfit": "405023", "totalRevenue": "405023", "costOfRevenue": "None", "costofGoodsAndServicesSold": "None", "operatingIncome": "237450", "sellingGeneralAndAdministrative": "126405", "researchAndDevelopment": "None", "operatingExpenses": "167573", "investmentIncomeNet": "None", "netInterestIncome": "None", "interestIncome": "None", "interestExpense": "None", "nonInterestIncome": "None", "otherNonOperatingIncome": "None", "depreciation": "None", "depreciationAndAmortization": "None", "incomeBeforeTax": "237450", "incomeTaxExpense": "33000", "interestAndDebtExpense": "None", "netIncomeFromContinuingOperations": "None", "comprehensiveIncomeNetOfTax": "None", "ebit": "237450", "ebitda": "237450", "netIncome": "204450"}, {"fiscalDateEnding": "2005-12-31", "reportedCurrency": "USD", "grossProfit": "379813", "totalRevenue": "379813", "costOfRevenue": "None", "costofGoodsAndServicesSold": "None", "operatingIncome": "171319", "sellingGeneralAndAdministrative": "93494", "researchAndDevelopment": "None", "operatingExpenses": "93494", "investmentIncomeNet": "None", "netInterestIncome": "None", "interestIncome": "None", "interestExpense": "None", "nonInterestIncome": "None", "otherNonOperatingIncome": "None", "depreciation": "None", "depreciationAndAmortization": "None", "incomeBeforeTax": "171319", "incomeTaxExpense": "38000", "interestAndDebtExpense": "None", "netIncomeFromContinuingOperations": "None", "comprehensiveIncomeNetOfTax": "None", "ebit": "171319", "ebitda": "171319", "netIncome": "133319"}, {"fiscalDateEnding": "2005-09-30", "reportedCurrency": "USD", "grossProfit": "206261", "totalRevenue": "206261", "costOfRevenue": "None", "costofGoodsAndServicesSold": "None", "operatingIncome": "156476", "sellingGeneralAndAdministrative": "49785", "researchAndDevelopment": "None", "operatingExpenses": "49785", "investmentIncomeNet": "None", "netInterestIncome": "None", "interestIncome": "None", "interestExpense": "None", "nonInterestIncome": "None", "otherNonOperatingIncome": "None", "depreciation": "None", "depreciationAndAmortization": "-8227", "incomeBeforeTax": "156476", "incomeTaxExpense": "10000", "interestAndDebtExpense": "None", "netIncomeFromContinuingOperations": "None", "comprehensiveIncomeNetOfTax": "None", "ebit": "156476", "ebitda": "148249", "netIncome": "146476"}]}