{"symbol": "WU", "annualReports": [{"fiscalDateEnding": "2024-12-31", "reportedCurrency": "USD", "grossProfit": "1589200000", "totalRevenue": "4209700000", "costOfRevenue": "2620500000", "costofGoodsAndServicesSold": "2620500000", "operatingIncome": "725800000", "sellingGeneralAndAdministrative": "863400000", "researchAndDevelopment": "None", "operatingExpenses": "863400000", "investmentIncomeNet": "None", "netInterestIncome": "-107900000", "interestIncome": "11900000", "interestExpense": "119800000", "nonInterestIncome": "None", "otherNonOperatingIncome": "None", "depreciation": "None", "depreciationAndAmortization": "179100000", "incomeBeforeTax": "618600000", "incomeTaxExpense": "-315600000", "interestAndDebtExpense": "None", "netIncomeFromContinuingOperations": "934200000", "comprehensiveIncomeNetOfTax": "None", "ebit": "738400000", "ebitda": "917500000", "netIncome": "934200000"}, {"fiscalDateEnding": "2023-12-31", "reportedCurrency": "USD", "grossProfit": "1685300000", "totalRevenue": "4357000000", "costOfRevenue": "2671700000", "costofGoodsAndServicesSold": "2671700000", "operatingIncome": "817500000", "sellingGeneralAndAdministrative": "890200000", "researchAndDevelopment": "0.17", "operatingExpenses": "867800000", "investmentIncomeNet": "None", "netInterestIncome": "-87600000", "interestIncome": "17600000", "interestExpense": "105300000", "nonInterestIncome": "None", "otherNonOperatingIncome": "None", "depreciation": "None", "depreciationAndAmortization": "183600000", "incomeBeforeTax": "745800000", "incomeTaxExpense": "119800000", "interestAndDebtExpense": "None", "netIncomeFromContinuingOperations": "748400000", "comprehensiveIncomeNetOfTax": "None", "ebit": "817500000", "ebitda": "817500000", "netIncome": "626000000"}, {"fiscalDateEnding": "2022-12-31", "reportedCurrency": "USD", "grossProfit": "1849100000", "totalRevenue": "4475500000", "costOfRevenue": "2626400000", "costofGoodsAndServicesSold": "2626400000", "operatingIncome": "884900000", "sellingGeneralAndAdministrative": "964200000", "researchAndDevelopment": "0.23", "operatingExpenses": "964200000", "investmentIncomeNet": "None", "netInterestIncome": "-87100000", "interestIncome": "87100000", "interestExpense": "101000000", "nonInterestIncome": "None", "otherNonOperatingIncome": "224700000", "depreciation": "None", "depreciationAndAmortization": "183800000", "incomeBeforeTax": "1008600000", "incomeTaxExpense": "98000000", "interestAndDebtExpense": "None", "netIncomeFromContinuingOperations": "910600000", "comprehensiveIncomeNetOfTax": "None", "ebit": "1109600000", "ebitda": "1293400000", "netIncome": "910600000"}, {"fiscalDateEnding": "2021-12-31", "reportedCurrency": "USD", "grossProfit": "2174400000", "totalRevenue": "5070800000", "costOfRevenue": "2896400000", "costofGoodsAndServicesSold": "2896400000", "operatingIncome": "1123100000", "sellingGeneralAndAdministrative": "1051300000", "researchAndDevelopment": "0.18", "operatingExpenses": "1051300000", "investmentIncomeNet": "None", "netInterestIncome": "-104100000", "interestIncome": "1400000", "interestExpense": "105500000", "nonInterestIncome": "None", "otherNonOperatingIncome": "-82200000", "depreciation": "None", "depreciationAndAmortization": "208200000", "incomeBeforeTax": "935400000", "incomeTaxExpense": "129600000", "interestAndDebtExpense": "None", "netIncomeFromContinuingOperations": "805800000", "comprehensiveIncomeNetOfTax": "None", "ebit": "1040900000", "ebitda": "1249100000", "netIncome": "805800000"}, {"fiscalDateEnding": "2020-12-31", "reportedCurrency": "USD", "grossProfit": "2008500000", "totalRevenue": "4835000000", "costOfRevenue": "2826500000", "costofGoodsAndServicesSold": "2826500000", "operatingIncome": "967300000", "sellingGeneralAndAdministrative": "1041000000", "researchAndDevelopment": "0.18", "operatingExpenses": "1041200000", "investmentIncomeNet": "None", "netInterestIncome": "-115300000", "interestIncome": "3200000", "interestExpense": "118500000", "nonInterestIncome": "None", "otherNonOperatingIncome": "6300000", "depreciation": "None", "depreciationAndAmortization": "225600000", "incomeBeforeTax": "855100000", "incomeTaxExpense": "110800000", "interestAndDebtExpense": "None", "netIncomeFromContinuingOperations": "744300000", "comprehensiveIncomeNetOfTax": "None", "ebit": "973600000", "ebitda": "1199200000", "netIncome": "744300000"}, {"fiscalDateEnding": "2019-12-31", "reportedCurrency": "USD", "grossProfit": "2205600000", "totalRevenue": "5292100000", "costOfRevenue": "3086500000", "costofGoodsAndServicesSold": "3086500000", "operatingIncome": "934000000", "sellingGeneralAndAdministrative": "1271600000", "researchAndDevelopment": "0.25", "operatingExpenses": "1271600000", "investmentIncomeNet": "None", "netInterestIncome": "-145700000", "interestIncome": "6300000", "interestExpense": "152000000", "nonInterestIncome": "None", "otherNonOperatingIncome": "539400000", "depreciation": "None", "depreciationAndAmortization": "257700000", "incomeBeforeTax": "1321400000", "incomeTaxExpense": "263100000", "interestAndDebtExpense": "None", "netIncomeFromContinuingOperations": "1058300000", "comprehensiveIncomeNetOfTax": "None", "ebit": "1473400000", "ebitda": "1731100000", "netIncome": "1058300000"}, {"fiscalDateEnding": "2018-12-31", "reportedCurrency": "USD", "grossProfit": "2289100000", "totalRevenue": "5589900000", "costOfRevenue": "3300800000", "costofGoodsAndServicesSold": "3300800000", "operatingIncome": "1122100000", "sellingGeneralAndAdministrative": "1167000000", "researchAndDevelopment": "0.18", "operatingExpenses": "1167000000", "investmentIncomeNet": "None", "netInterestIncome": "-144800000", "interestIncome": "4800000", "interestExpense": "149600000", "nonInterestIncome": "None", "otherNonOperatingIncome": "18900000", "depreciation": "None", "depreciationAndAmortization": "264700000", "incomeBeforeTax": "991400000", "incomeTaxExpense": "139500000", "interestAndDebtExpense": "None", "netIncomeFromContinuingOperations": "851900000", "comprehensiveIncomeNetOfTax": "None", "ebit": "1141000000", "ebitda": "1405700000", "netIncome": "851900000"}, {"fiscalDateEnding": "2017-12-31", "reportedCurrency": "USD", "grossProfit": "2171300000", "totalRevenue": "5524300000", "costOfRevenue": "3353000000", "costofGoodsAndServicesSold": "3353000000", "operatingIncome": "473400000", "sellingGeneralAndAdministrative": "1231500000", "researchAndDevelopment": "0.06", "operatingExpenses": "1695500000", "investmentIncomeNet": "None", "netInterestIncome": "-137200000", "interestIncome": "4900000", "interestExpense": "142100000", "nonInterestIncome": "None", "otherNonOperatingIncome": "16200000", "depreciation": "None", "depreciationAndAmortization": "262900000", "incomeBeforeTax": "347500000", "incomeTaxExpense": "904600000", "interestAndDebtExpense": "None", "netIncomeFromContinuingOperations": "-557100000", "comprehensiveIncomeNetOfTax": "None", "ebit": "489600000", "ebitda": "752500000", "netIncome": "-557100000"}, {"fiscalDateEnding": "2016-12-31", "reportedCurrency": "USD", "grossProfit": "2156200000", "totalRevenue": "5422900000", "costOfRevenue": "3266700000", "costofGoodsAndServicesSold": "3266700000", "operatingIncome": "483700000", "sellingGeneralAndAdministrative": "1669200000", "researchAndDevelopment": "0.06", "operatingExpenses": "1669200000", "investmentIncomeNet": "None", "netInterestIncome": "-149000000", "interestIncome": "3500000", "interestExpense": "152500000", "nonInterestIncome": "None", "otherNonOperatingIncome": "10500000", "depreciation": "None", "depreciationAndAmortization": "263200000", "incomeBeforeTax": "341700000", "incomeTaxExpense": "88500000", "interestAndDebtExpense": "None", "netIncomeFromContinuingOperations": "253200000", "comprehensiveIncomeNetOfTax": "None", "ebit": "494200000", "ebitda": "757400000", "netIncome": "253200000"}, {"fiscalDateEnding": "2015-12-31", "reportedCurrency": "USD", "grossProfit": "2284300000", "totalRevenue": "5483700000", "costOfRevenue": "3199400000", "costofGoodsAndServicesSold": "3199400000", "operatingIncome": "1109400000", "sellingGeneralAndAdministrative": "1174900000", "researchAndDevelopment": "0", "operatingExpenses": "1174900000", "investmentIncomeNet": "None", "netInterestIncome": "None", "interestIncome": "155800000", "interestExpense": "167900000", "nonInterestIncome": "None", "otherNonOperatingIncome": "300000", "depreciation": "None", "depreciationAndAmortization": "270200000", "incomeBeforeTax": "941800000", "incomeTaxExpense": "104000000", "interestAndDebtExpense": "None", "netIncomeFromContinuingOperations": "837800000", "comprehensiveIncomeNetOfTax": "None", "ebit": "1109700000", "ebitda": "1379900000", "netIncome": "837800000"}, {"fiscalDateEnding": "2014-12-31", "reportedCurrency": "USD", "grossProfit": "2309800000", "totalRevenue": "5607200000", "costOfRevenue": "3297400000", "costofGoodsAndServicesSold": "3297400000", "operatingIncome": "1140500000", "sellingGeneralAndAdministrative": "1169300000", "researchAndDevelopment": "0", "operatingExpenses": "1169300000", "investmentIncomeNet": "None", "netInterestIncome": "None", "interestIncome": "None", "interestExpense": "176600000", "nonInterestIncome": "None", "otherNonOperatingIncome": "4300000", "depreciation": "None", "depreciationAndAmortization": "271900000", "incomeBeforeTax": "968200000", "incomeTaxExpense": "115800000", "interestAndDebtExpense": "None", "netIncomeFromContinuingOperations": "852400000", "comprehensiveIncomeNetOfTax": "None", "ebit": "1144800000", "ebitda": "1416700000", "netIncome": "852400000"}, {"fiscalDateEnding": "2013-12-31", "reportedCurrency": "USD", "grossProfit": "2307000000", "totalRevenue": "5542000000", "costOfRevenue": "3235000000", "costofGoodsAndServicesSold": "3235000000", "operatingIncome": "1107400000", "sellingGeneralAndAdministrative": "1199600000", "researchAndDevelopment": "0", "operatingExpenses": "1199600000", "investmentIncomeNet": "None", "netInterestIncome": "None", "interestIncome": "None", "interestExpense": "195600000", "nonInterestIncome": "None", "otherNonOperatingIncome": "15100000", "depreciation": "None", "depreciationAndAmortization": "262800000", "incomeBeforeTax": "926900000", "incomeTaxExpense": "128500000", "interestAndDebtExpense": "None", "netIncomeFromContinuingOperations": "1055400000", "comprehensiveIncomeNetOfTax": "None", "ebit": "1122500000", "ebitda": "1385300000", "netIncome": "798400000"}, {"fiscalDateEnding": "2012-12-31", "reportedCurrency": "USD", "grossProfit": "2470600000", "totalRevenue": "5664800000", "costOfRevenue": "3194200000", "costofGoodsAndServicesSold": "3194200000", "operatingIncome": "1330000000", "sellingGeneralAndAdministrative": "1140600000", "researchAndDevelopment": "0", "operatingExpenses": "1140600000", "investmentIncomeNet": "None", "netInterestIncome": "None", "interestIncome": "None", "interestExpense": "179600000", "nonInterestIncome": "None", "otherNonOperatingIncome": "18400000", "depreciation": "None", "depreciationAndAmortization": "246100000", "incomeBeforeTax": "1168800000", "incomeTaxExpense": "142900000", "interestAndDebtExpense": "None", "netIncomeFromContinuingOperations": "1311700000", "comprehensiveIncomeNetOfTax": "None", "ebit": "1348400000", "ebitda": "1594500000", "netIncome": "1025900000"}, {"fiscalDateEnding": "2011-12-31", "reportedCurrency": "USD", "grossProfit": "2389400000", "totalRevenue": "5491400000", "costOfRevenue": "3102000000", "costofGoodsAndServicesSold": "3102000000", "operatingIncome": "1385000000", "sellingGeneralAndAdministrative": "1004400000", "researchAndDevelopment": "0", "operatingExpenses": "1004400000", "investmentIncomeNet": "None", "netInterestIncome": "None", "interestIncome": "None", "interestExpense": "181900000", "nonInterestIncome": "None", "otherNonOperatingIncome": "71500000", "depreciation": "None", "depreciationAndAmortization": "192600000", "incomeBeforeTax": "1274600000", "incomeTaxExpense": "109200000", "interestAndDebtExpense": "None", "netIncomeFromContinuingOperations": "1165400000", "comprehensiveIncomeNetOfTax": "None", "ebit": "1456500000", "ebitda": "1649100000", "netIncome": "1165400000"}, {"fiscalDateEnding": "2010-12-31", "reportedCurrency": "USD", "grossProfit": "2214300000", "totalRevenue": "5192700000", "costOfRevenue": "2978400000", "costofGoodsAndServicesSold": "2978400000", "operatingIncome": "1300100000", "sellingGeneralAndAdministrative": "914200000", "researchAndDevelopment": "0", "operatingExpenses": "914200000", "investmentIncomeNet": "None", "netInterestIncome": "None", "interestIncome": "None", "interestExpense": "169900000", "nonInterestIncome": "None", "otherNonOperatingIncome": "15000000", "depreciation": "None", "depreciationAndAmortization": "175900000", "incomeBeforeTax": "1145200000", "incomeTaxExpense": "235300000", "interestAndDebtExpense": "None", "netIncomeFromContinuingOperations": "909900000", "comprehensiveIncomeNetOfTax": "None", "ebit": "1315100000", "ebitda": "1491000000", "netIncome": "909900000"}, {"fiscalDateEnding": "2009-12-31", "reportedCurrency": "USD", "grossProfit": "2208700000", "totalRevenue": "5083600000", "costOfRevenue": "2874900000", "costofGoodsAndServicesSold": "2874900000", "operatingIncome": "1282700000", "sellingGeneralAndAdministrative": "926000000", "researchAndDevelopment": "0", "operatingExpenses": "926000000", "investmentIncomeNet": "None", "netInterestIncome": "None", "interestIncome": "None", "interestExpense": "157900000", "nonInterestIncome": "None", "otherNonOperatingIncome": "6700000", "depreciation": "None", "depreciationAndAmortization": "154200000", "incomeBeforeTax": "1131500000", "incomeTaxExpense": "282700000", "interestAndDebtExpense": "None", "netIncomeFromContinuingOperations": "848800000", "comprehensiveIncomeNetOfTax": "None", "ebit": "1289400000", "ebitda": "1443600000", "netIncome": "848800000"}, {"fiscalDateEnding": "2008-12-31", "reportedCurrency": "USD", "grossProfit": "2189000000", "totalRevenue": "5282000000", "costOfRevenue": "3093000000", "costofGoodsAndServicesSold": "3093000000", "operatingIncome": "1355000000", "sellingGeneralAndAdministrative": "834000000", "researchAndDevelopment": "None", "operatingExpenses": "834000000", "investmentIncomeNet": "None", "netInterestIncome": "None", "interestIncome": "None", "interestExpense": "171200000", "nonInterestIncome": "None", "otherNonOperatingIncome": "None", "depreciation": "None", "depreciationAndAmortization": "144000000", "incomeBeforeTax": "1238700000", "incomeTaxExpense": "319700000", "interestAndDebtExpense": "None", "netIncomeFromContinuingOperations": "None", "comprehensiveIncomeNetOfTax": "None", "ebit": "1409900000", "ebitda": "1553900000", "netIncome": "919000000"}, {"fiscalDateEnding": "2007-12-31", "reportedCurrency": "USD", "grossProfit": "2091800000", "totalRevenue": "4900200000", "costOfRevenue": "2808400000", "costofGoodsAndServicesSold": "2808400000", "operatingIncome": "1322000000", "sellingGeneralAndAdministrative": "769800000", "researchAndDevelopment": "None", "operatingExpenses": "769800000", "investmentIncomeNet": "None", "netInterestIncome": "None", "interestIncome": "None", "interestExpense": "189000000", "nonInterestIncome": "None", "otherNonOperatingIncome": "None", "depreciation": "None", "depreciationAndAmortization": "123900000", "incomeBeforeTax": "1222400000", "incomeTaxExpense": "365100000", "interestAndDebtExpense": "None", "netIncomeFromContinuingOperations": "None", "comprehensiveIncomeNetOfTax": "None", "ebit": "1322000000", "ebitda": "1445900000", "netIncome": "857300000"}, {"fiscalDateEnding": "2006-12-31", "reportedCurrency": "USD", "grossProfit": "2039700000", "totalRevenue": "4470200000", "costOfRevenue": "2430500000", "costofGoodsAndServicesSold": "2430500000", "operatingIncome": "1311400000", "sellingGeneralAndAdministrative": "728300000", "researchAndDevelopment": "None", "operatingExpenses": "728300000", "investmentIncomeNet": "None", "netInterestIncome": "None", "interestIncome": "None", "interestExpense": "53400000", "nonInterestIncome": "None", "otherNonOperatingIncome": "None", "depreciation": "None", "depreciationAndAmortization": "103500000", "incomeBeforeTax": "1335100000", "incomeTaxExpense": "421100000", "interestAndDebtExpense": "None", "netIncomeFromContinuingOperations": "None", "comprehensiveIncomeNetOfTax": "None", "ebit": "1311400000", "ebitda": "1414900000", "netIncome": "914000000"}, {"fiscalDateEnding": "2005-12-31", "reportedCurrency": "USD", "grossProfit": "1869000000", "totalRevenue": "3987900000", "costOfRevenue": "2118900000", "costofGoodsAndServicesSold": "2118900000", "operatingIncome": "1269200000", "sellingGeneralAndAdministrative": "599800000", "researchAndDevelopment": "None", "operatingExpenses": "599800000", "investmentIncomeNet": "None", "netInterestIncome": "None", "interestIncome": "None", "interestExpense": "0", "nonInterestIncome": "None", "otherNonOperatingIncome": "None", "depreciation": "None", "depreciationAndAmortization": "79500000", "incomeBeforeTax": "1344100000", "incomeTaxExpense": "416700000", "interestAndDebtExpense": "None", "netIncomeFromContinuingOperations": "None", "comprehensiveIncomeNetOfTax": "None", "ebit": "1269200000", "ebitda": "1348700000", "netIncome": "927400000"}], "quarterlyReports": [{"fiscalDateEnding": "2025-09-30", "reportedCurrency": "USD", "grossProfit": "389400000", "totalRevenue": "1032600000", "costOfRevenue": "643200000", "costofGoodsAndServicesSold": "643200000", "operatingIncome": "201900000", "sellingGeneralAndAdministrative": "187500000", "researchAndDevelopment": "None", "operatingExpenses": "187500000", "investmentIncomeNet": "None", "netInterestIncome": "-34600000", "interestIncome": "2400000", "interestExpense": "175600000", "nonInterestIncome": "None", "otherNonOperatingIncome": "None", "depreciation": "None", "depreciationAndAmortization": "41300000", "incomeBeforeTax": "167600000", "incomeTaxExpense": "28000000", "interestAndDebtExpense": "None", "netIncomeFromContinuingOperations": "139600000", "comprehensiveIncomeNetOfTax": "None", "ebit": "201900000", "ebitda": "243200000", "netIncome": "139600000"}, {"fiscalDateEnding": "2025-06-30", "reportedCurrency": "USD", "grossProfit": "383300000", "totalRevenue": "1026100000", "costOfRevenue": "642800000", "costofGoodsAndServicesSold": "642800000", "operatingIncome": "192700000", "sellingGeneralAndAdministrative": "190600000", "researchAndDevelopment": "None", "operatingExpenses": "190600000", "investmentIncomeNet": "None", "netInterestIncome": "-34900000", "interestIncome": "1800000", "interestExpense": "36700000", "nonInterestIncome": "None", "otherNonOperatingIncome": "None", "depreciation": "None", "depreciationAndAmortization": "40200000", "incomeBeforeTax": "159700000", "incomeTaxExpense": "37600000", "interestAndDebtExpense": "None", "netIncomeFromContinuingOperations": "122100000", "comprehensiveIncomeNetOfTax": "None", "ebit": "196400000", "ebitda": "236600000", "netIncome": "122100000"}, {"fiscalDateEnding": "2025-03-31", "reportedCurrency": "USD", "grossProfit": "364400000", "totalRevenue": "983600000", "costOfRevenue": "619200000", "costofGoodsAndServicesSold": "619200000", "operatingIncome": "177400000", "sellingGeneralAndAdministrative": "187000000", "researchAndDevelopment": "None", "operatingExpenses": "187000000", "investmentIncomeNet": "None", "netInterestIncome": "-30900000", "interestIncome": "1700000", "interestExpense": "32600000", "nonInterestIncome": "None", "otherNonOperatingIncome": "None", "depreciation": "None", "depreciationAndAmortization": "41900000", "incomeBeforeTax": "147300000", "incomeTaxExpense": "23800000", "interestAndDebtExpense": "None", "netIncomeFromContinuingOperations": "123500000", "comprehensiveIncomeNetOfTax": "None", "ebit": "179900000", "ebitda": "221800000", "netIncome": "123500000"}, {"fiscalDateEnding": "2024-12-31", "reportedCurrency": "USD", "grossProfit": "396500000", "totalRevenue": "1058200000", "costOfRevenue": "661700000", "costofGoodsAndServicesSold": "661700000", "operatingIncome": "178100000", "sellingGeneralAndAdministrative": "218400000", "researchAndDevelopment": "None", "operatingExpenses": "218400000", "investmentIncomeNet": "None", "netInterestIncome": "-28100000", "interestIncome": "2300000", "interestExpense": "30400000", "nonInterestIncome": "None", "otherNonOperatingIncome": "None", "depreciation": "None", "depreciationAndAmortization": "43400000", "incomeBeforeTax": "147700000", "incomeTaxExpense": "-238000000", "interestAndDebtExpense": "None", "netIncomeFromContinuingOperations": "385700000", "comprehensiveIncomeNetOfTax": "None", "ebit": "178100000", "ebitda": "221500000", "netIncome": "385700000"}, {"fiscalDateEnding": "2024-09-30", "reportedCurrency": "USD", "grossProfit": "382400000", "totalRevenue": "1036000000", "costOfRevenue": "653600000", "costofGoodsAndServicesSold": "653600000", "operatingIncome": "164900000", "sellingGeneralAndAdministrative": "217500000", "researchAndDevelopment": "None", "operatingExpenses": "217500000", "investmentIncomeNet": "None", "netInterestIncome": "-29400000", "interestIncome": "2800000", "interestExpense": "32200000", "nonInterestIncome": "None", "otherNonOperatingIncome": "None", "depreciation": "None", "depreciationAndAmortization": "43000000", "incomeBeforeTax": "135700000", "incomeTaxExpense": "-129100000", "interestAndDebtExpense": "None", "netIncomeFromContinuingOperations": "264800000", "comprehensiveIncomeNetOfTax": "None", "ebit": "167900000", "ebitda": "210900000", "netIncome": "264800000"}, {"fiscalDateEnding": "2024-06-30", "reportedCurrency": "USD", "grossProfit": "402500000", "totalRevenue": "1066400000", "costOfRevenue": "663900000", "costofGoodsAndServicesSold": "663900000", "operatingIncome": "190700000", "sellingGeneralAndAdministrative": "211800000", "researchAndDevelopment": "None", "operatingExpenses": "211800000", "investmentIncomeNet": "None", "netInterestIncome": "-27400000", "interestIncome": "3700000", "interestExpense": "31100000", "nonInterestIncome": "None", "otherNonOperatingIncome": "None", "depreciation": "None", "depreciationAndAmortization": "46100000", "incomeBeforeTax": "165200000", "incomeTaxExpense": "24200000", "interestAndDebtExpense": "None", "netIncomeFromContinuingOperations": "141000000", "comprehensiveIncomeNetOfTax": "None", "ebit": "196300000", "ebitda": "242400000", "netIncome": "141000000"}, {"fiscalDateEnding": "2024-03-31", "reportedCurrency": "USD", "grossProfit": "407800000", "totalRevenue": "1049100000", "costOfRevenue": "641300000", "costofGoodsAndServicesSold": "641300000", "operatingIncome": "192100000", "sellingGeneralAndAdministrative": "215700000", "researchAndDevelopment": "None", "operatingExpenses": "215700000", "investmentIncomeNet": "None", "netInterestIncome": "-23000000", "interestIncome": "3100000", "interestExpense": "26100000", "nonInterestIncome": "None", "otherNonOperatingIncome": "None", "depreciation": "None", "depreciationAndAmortization": "46600000", "incomeBeforeTax": "170000000", "incomeTaxExpense": "27300000", "interestAndDebtExpense": "None", "netIncomeFromContinuingOperations": "142700000", "comprehensiveIncomeNetOfTax": "None", "ebit": "196100000", "ebitda": "242700000", "netIncome": "142700000"}, {"fiscalDateEnding": "2023-12-31", "reportedCurrency": "USD", "grossProfit": "396200000", "totalRevenue": "1052300000", "costOfRevenue": "656100000", "costofGoodsAndServicesSold": "656100000", "operatingIncome": "159300000", "sellingGeneralAndAdministrative": "236900000", "researchAndDevelopment": "None", "operatingExpenses": "236900000", "investmentIncomeNet": "None", "netInterestIncome": "-21700000", "interestIncome": "4600000", "interestExpense": "26300000", "nonInterestIncome": "None", "otherNonOperatingIncome": "None", "depreciation": "None", "depreciationAndAmortization": "45100000", "incomeBeforeTax": "144100000", "incomeTaxExpense": "17100000", "interestAndDebtExpense": "None", "netIncomeFromContinuingOperations": "127000000", "comprehensiveIncomeNetOfTax": "None", "ebit": "170400000", "ebitda": "215500000", "netIncome": "127000000"}, {"fiscalDateEnding": "2023-09-30", "reportedCurrency": "USD", "grossProfit": "410600000", "totalRevenue": "1097800000", "costOfRevenue": "687200000", "costofGoodsAndServicesSold": "687200000", "operatingIncome": "210900000", "sellingGeneralAndAdministrative": "199700000", "researchAndDevelopment": "None", "operatingExpenses": "199700000", "investmentIncomeNet": "None", "netInterestIncome": "-23400000", "interestIncome": "3600000", "interestExpense": "27000000", "nonInterestIncome": "None", "otherNonOperatingIncome": "None", "depreciation": "None", "depreciationAndAmortization": "46000000", "incomeBeforeTax": "204300000", "incomeTaxExpense": "33300000", "interestAndDebtExpense": "None", "netIncomeFromContinuingOperations": "171000000", "comprehensiveIncomeNetOfTax": "None", "ebit": "231300000", "ebitda": "277300000", "netIncome": "171000000"}, {"fiscalDateEnding": "2023-06-30", "reportedCurrency": "USD", "grossProfit": "471100000", "totalRevenue": "1170000000", "costOfRevenue": "698900000", "costofGoodsAndServicesSold": "698900000", "operatingIncome": "242600000", "sellingGeneralAndAdministrative": "228500000", "researchAndDevelopment": "None", "operatingExpenses": "228500000", "investmentIncomeNet": "None", "netInterestIncome": "-22800000", "interestIncome": "4200000", "interestExpense": "27000000", "nonInterestIncome": "None", "otherNonOperatingIncome": "None", "depreciation": "None", "depreciationAndAmortization": "45900000", "incomeBeforeTax": "216400000", "incomeTaxExpense": "40200000", "interestAndDebtExpense": "None", "netIncomeFromContinuingOperations": "176200000", "comprehensiveIncomeNetOfTax": "None", "ebit": "243400000", "ebitda": "289300000", "netIncome": "176200000"}, {"fiscalDateEnding": "2023-03-31", "reportedCurrency": "USD", "grossProfit": "407400000", "totalRevenue": "1036900000", "costOfRevenue": "629500000", "costofGoodsAndServicesSold": "629500000", "operatingIncome": "204700000", "sellingGeneralAndAdministrative": "202700000", "researchAndDevelopment": "None", "operatingExpenses": "202700000", "investmentIncomeNet": "None", "netInterestIncome": "-21800000", "interestIncome": "3200000", "interestExpense": "25000000", "nonInterestIncome": "None", "otherNonOperatingIncome": "1300000", "depreciation": "None", "depreciationAndAmortization": "46600000", "incomeBeforeTax": "181000000", "incomeTaxExpense": "29200000", "interestAndDebtExpense": "None", "netIncomeFromContinuingOperations": "151800000", "comprehensiveIncomeNetOfTax": "None", "ebit": "206000000", "ebitda": "252600000", "netIncome": "151800000"}, {"fiscalDateEnding": "2022-12-31", "reportedCurrency": "USD", "grossProfit": "410900000", "totalRevenue": "1091900000", "costOfRevenue": "681000000", "costofGoodsAndServicesSold": "681000000", "operatingIncome": "151600000", "sellingGeneralAndAdministrative": "259300000", "researchAndDevelopment": "None", "operatingExpenses": "259300000", "investmentIncomeNet": "None", "netInterestIncome": "-19600000", "interestIncome": "19600000", "interestExpense": "26200000", "nonInterestIncome": "None", "otherNonOperatingIncome": "91100000", "depreciation": "None", "depreciationAndAmortization": "46300000", "incomeBeforeTax": "216500000", "incomeTaxExpense": "-32900000", "interestAndDebtExpense": "None", "netIncomeFromContinuingOperations": "249400000", "comprehensiveIncomeNetOfTax": "None", "ebit": "242700000", "ebitda": "289000000", "netIncome": "249400000"}, {"fiscalDateEnding": "2022-09-30", "reportedCurrency": "USD", "grossProfit": "452300000", "totalRevenue": "1089600000", "costOfRevenue": "637300000", "costofGoodsAndServicesSold": "637300000", "operatingIncome": "231800000", "sellingGeneralAndAdministrative": "220500000", "researchAndDevelopment": "None", "operatingExpenses": "220500000", "investmentIncomeNet": "None", "netInterestIncome": "-20300000", "interestIncome": "4900000", "interestExpense": "25200000", "nonInterestIncome": "None", "otherNonOperatingIncome": "-12900000", "depreciation": "None", "depreciationAndAmortization": "44800000", "incomeBeforeTax": "193700000", "incomeTaxExpense": "19800000", "interestAndDebtExpense": "None", "netIncomeFromContinuingOperations": "173900000", "comprehensiveIncomeNetOfTax": "None", "ebit": "218900000", "ebitda": "263700000", "netIncome": "173900000"}, {"fiscalDateEnding": "2022-06-30", "reportedCurrency": "USD", "grossProfit": "485300000", "totalRevenue": "1138300000", "costOfRevenue": "653000000", "costofGoodsAndServicesSold": "653000000", "operatingIncome": "264000000", "sellingGeneralAndAdministrative": "221300000", "researchAndDevelopment": "None", "operatingExpenses": "221300000", "investmentIncomeNet": "None", "netInterestIncome": "-23000000", "interestIncome": "1800000", "interestExpense": "24800000", "nonInterestIncome": "None", "otherNonOperatingIncome": "-3000000", "depreciation": "None", "depreciationAndAmortization": "45900000", "incomeBeforeTax": "236200000", "incomeTaxExpense": "42200000", "interestAndDebtExpense": "None", "netIncomeFromContinuingOperations": "194000000", "comprehensiveIncomeNetOfTax": "None", "ebit": "261000000", "ebitda": "306900000", "netIncome": "194000000"}, {"fiscalDateEnding": "2022-03-31", "reportedCurrency": "USD", "grossProfit": "500600000", "totalRevenue": "1155700000", "costOfRevenue": "655100000", "costofGoodsAndServicesSold": "655100000", "operatingIncome": "237500000", "sellingGeneralAndAdministrative": "263100000", "researchAndDevelopment": "None", "operatingExpenses": "263100000", "investmentIncomeNet": "None", "netInterestIncome": "-24200000", "interestIncome": "600000", "interestExpense": "24800000", "nonInterestIncome": "None", "otherNonOperatingIncome": "149500000", "depreciation": "None", "depreciationAndAmortization": "46800000", "incomeBeforeTax": "362200000", "incomeTaxExpense": "68900000", "interestAndDebtExpense": "None", "netIncomeFromContinuingOperations": "293300000", "comprehensiveIncomeNetOfTax": "None", "ebit": "387000000", "ebitda": "433800000", "netIncome": "293300000"}, {"fiscalDateEnding": "2021-12-31", "reportedCurrency": "USD", "grossProfit": "569500000", "totalRevenue": "1284800000", "costOfRevenue": "715300000", "costofGoodsAndServicesSold": "715300000", "operatingIncome": "316800000", "sellingGeneralAndAdministrative": "252700000", "researchAndDevelopment": "None", "operatingExpenses": "252700000", "investmentIncomeNet": "None", "netInterestIncome": "-25500000", "interestIncome": "300000", "interestExpense": "25800000", "nonInterestIncome": "None", "otherNonOperatingIncome": "-110100000", "depreciation": "None", "depreciationAndAmortization": "47900000", "incomeBeforeTax": "180900000", "incomeTaxExpense": "12100000", "interestAndDebtExpense": "None", "netIncomeFromContinuingOperations": "168800000", "comprehensiveIncomeNetOfTax": "None", "ebit": "206700000", "ebitda": "254600000", "netIncome": "168800000"}, {"fiscalDateEnding": "2021-09-30", "reportedCurrency": "USD", "grossProfit": "566200000", "totalRevenue": "1286300000", "costOfRevenue": "720100000", "costofGoodsAndServicesSold": "720100000", "operatingIncome": "318600000", "sellingGeneralAndAdministrative": "247600000", "researchAndDevelopment": "None", "operatingExpenses": "247600000", "investmentIncomeNet": "None", "netInterestIncome": "-25300000", "interestIncome": "400000", "interestExpense": "25700000", "nonInterestIncome": "None", "otherNonOperatingIncome": "-1400000", "depreciation": "None", "depreciationAndAmortization": "51300000", "incomeBeforeTax": "291500000", "incomeTaxExpense": "58800000", "interestAndDebtExpense": "None", "netIncomeFromContinuingOperations": "232700000", "comprehensiveIncomeNetOfTax": "None", "ebit": "317200000", "ebitda": "368500000", "netIncome": "232700000"}, {"fiscalDateEnding": "2021-06-30", "reportedCurrency": "USD", "grossProfit": "534700000", "totalRevenue": "1289700000", "costOfRevenue": "755000000", "costofGoodsAndServicesSold": "755000000", "operatingIncome": "254900000", "sellingGeneralAndAdministrative": "279800000", "researchAndDevelopment": "None", "operatingExpenses": "279800000", "investmentIncomeNet": "None", "netInterestIncome": "-25300000", "interestIncome": "300000", "interestExpense": "25600000", "nonInterestIncome": "None", "otherNonOperatingIncome": "30800000", "depreciation": "None", "depreciationAndAmortization": "55600000", "incomeBeforeTax": "260100000", "incomeTaxExpense": "37600000", "interestAndDebtExpense": "None", "netIncomeFromContinuingOperations": "222500000", "comprehensiveIncomeNetOfTax": "None", "ebit": "285700000", "ebitda": "341300000", "netIncome": "222500000"}, {"fiscalDateEnding": "2021-03-31", "reportedCurrency": "USD", "grossProfit": "504000000", "totalRevenue": "1210000000", "costOfRevenue": "706000000", "costofGoodsAndServicesSold": "706000000", "operatingIncome": "232800000", "sellingGeneralAndAdministrative": "271000000", "researchAndDevelopment": "None", "operatingExpenses": "271200000", "investmentIncomeNet": "None", "netInterestIncome": "-28000000", "interestIncome": "400000", "interestExpense": "28400000", "nonInterestIncome": "None", "otherNonOperatingIncome": "-1500000", "depreciation": "None", "depreciationAndAmortization": "53400000", "incomeBeforeTax": "202900000", "incomeTaxExpense": "21100000", "interestAndDebtExpense": "None", "netIncomeFromContinuingOperations": "181800000", "comprehensiveIncomeNetOfTax": "None", "ebit": "231300000", "ebitda": "284700000", "netIncome": "181800000"}, {"fiscalDateEnding": "2020-12-31", "reportedCurrency": "USD", "grossProfit": "512600000", "totalRevenue": "1271800000", "costOfRevenue": "759200000", "costofGoodsAndServicesSold": "759200000", "operatingIncome": "227100000", "sellingGeneralAndAdministrative": "285300000", "researchAndDevelopment": "None", "operatingExpenses": "285500000", "investmentIncomeNet": "None", "netInterestIncome": "-27800000", "interestIncome": "300000", "interestExpense": "28100000", "nonInterestIncome": "None", "otherNonOperatingIncome": "None", "depreciation": "None", "depreciationAndAmortization": "56100000", "incomeBeforeTax": "199000000", "incomeTaxExpense": "21900000", "interestAndDebtExpense": "None", "netIncomeFromContinuingOperations": "177100000", "comprehensiveIncomeNetOfTax": "None", "ebit": "227100000", "ebitda": "283200000", "netIncome": "177100000"}, {"fiscalDateEnding": "2020-09-30", "reportedCurrency": "USD", "grossProfit": "536800000", "totalRevenue": "1258500000", "costOfRevenue": "721700000", "costofGoodsAndServicesSold": "721700000", "operatingIncome": "285200000", "sellingGeneralAndAdministrative": "251600000", "researchAndDevelopment": "None", "operatingExpenses": "251600000", "investmentIncomeNet": "None", "netInterestIncome": "-27700000", "interestIncome": "27700000", "interestExpense": "28200000", "nonInterestIncome": "None", "otherNonOperatingIncome": "4000000", "depreciation": "None", "depreciationAndAmortization": "54200000", "incomeBeforeTax": "261000000", "incomeTaxExpense": "32400000", "interestAndDebtExpense": "None", "netIncomeFromContinuingOperations": "228600000", "comprehensiveIncomeNetOfTax": "None", "ebit": "289200000", "ebitda": "343400000", "netIncome": "228600000"}, {"fiscalDateEnding": "2020-06-30", "reportedCurrency": "USD", "grossProfit": "452500000", "totalRevenue": "1114700000", "costOfRevenue": "662200000", "costofGoodsAndServicesSold": "662200000", "operatingIncome": "221800000", "sellingGeneralAndAdministrative": "230700000", "researchAndDevelopment": "None", "operatingExpenses": "230700000", "investmentIncomeNet": "None", "netInterestIncome": "-28500000", "interestIncome": "800000", "interestExpense": "29300000", "nonInterestIncome": "None", "otherNonOperatingIncome": "700000", "depreciation": "None", "depreciationAndAmortization": "57100000", "incomeBeforeTax": "193200000", "incomeTaxExpense": "31300000", "interestAndDebtExpense": "None", "netIncomeFromContinuingOperations": "161900000", "comprehensiveIncomeNetOfTax": "None", "ebit": "222500000", "ebitda": "279600000", "netIncome": "161900000"}, {"fiscalDateEnding": "2020-03-31", "reportedCurrency": "USD", "grossProfit": "506600000", "totalRevenue": "1190000000", "costOfRevenue": "683400000", "costofGoodsAndServicesSold": "683400000", "operatingIncome": "233200000", "sellingGeneralAndAdministrative": "273400000", "researchAndDevelopment": "None", "operatingExpenses": "273400000", "investmentIncomeNet": "None", "netInterestIncome": "-31300000", "interestIncome": "1600000", "interestExpense": "32900000", "nonInterestIncome": "None", "otherNonOperatingIncome": "1600000", "depreciation": "None", "depreciationAndAmortization": "58200000", "incomeBeforeTax": "201900000", "incomeTaxExpense": "25200000", "interestAndDebtExpense": "None", "netIncomeFromContinuingOperations": "176700000", "comprehensiveIncomeNetOfTax": "None", "ebit": "234800000", "ebitda": "293000000", "netIncome": "176700000"}, {"fiscalDateEnding": "2019-12-31", "reportedCurrency": "USD", "grossProfit": "551200000", "totalRevenue": "1307700000", "costOfRevenue": "756500000", "costofGoodsAndServicesSold": "756500000", "operatingIncome": "226500000", "sellingGeneralAndAdministrative": "324700000", "researchAndDevelopment": "None", "operatingExpenses": "324700000", "investmentIncomeNet": "None", "netInterestIncome": "-35400000", "interestIncome": "2100000", "interestExpense": "37500000", "nonInterestIncome": "None", "otherNonOperatingIncome": "8500000", "depreciation": "None", "depreciationAndAmortization": "67000000", "incomeBeforeTax": "197500000", "incomeTaxExpense": "62100000", "interestAndDebtExpense": "None", "netIncomeFromContinuingOperations": "135400000", "comprehensiveIncomeNetOfTax": "None", "ebit": "235000000", "ebitda": "302000000", "netIncome": "135400000"}, {"fiscalDateEnding": "2019-09-30", "reportedCurrency": "USD", "grossProfit": "538300000", "totalRevenue": "1306900000", "costOfRevenue": "768600000", "costofGoodsAndServicesSold": "768600000", "operatingIncome": "197400000", "sellingGeneralAndAdministrative": "340900000", "researchAndDevelopment": "None", "operatingExpenses": "340900000", "investmentIncomeNet": "None", "netInterestIncome": "-35100000", "interestIncome": "1100000", "interestExpense": "36200000", "nonInterestIncome": "None", "otherNonOperatingIncome": "1000000", "depreciation": "None", "depreciationAndAmortization": "61100000", "incomeBeforeTax": "162200000", "incomeTaxExpense": "27200000", "interestAndDebtExpense": "None", "netIncomeFromContinuingOperations": "135000000", "comprehensiveIncomeNetOfTax": "None", "ebit": "198400000", "ebitda": "259500000", "netIncome": "135000000"}, {"fiscalDateEnding": "2019-06-30", "reportedCurrency": "USD", "grossProfit": "564100000", "totalRevenue": "1340500000", "costOfRevenue": "776400000", "costofGoodsAndServicesSold": "776400000", "operatingIncome": "258900000", "sellingGeneralAndAdministrative": "305200000", "researchAndDevelopment": "None", "operatingExpenses": "305200000", "investmentIncomeNet": "None", "netInterestIncome": "-37600000", "interestIncome": "1000000", "interestExpense": "38600000", "nonInterestIncome": "None", "otherNonOperatingIncome": "525300000", "depreciation": "None", "depreciationAndAmortization": "64800000", "incomeBeforeTax": "745600000", "incomeTaxExpense": "130800000", "interestAndDebtExpense": "None", "netIncomeFromContinuingOperations": "614800000", "comprehensiveIncomeNetOfTax": "None", "ebit": "784200000", "ebitda": "849000000", "netIncome": "614800000"}, {"fiscalDateEnding": "2019-03-31", "reportedCurrency": "USD", "grossProfit": "552000000", "totalRevenue": "1337000000", "costOfRevenue": "785000000", "costofGoodsAndServicesSold": "785000000", "operatingIncome": "251200000", "sellingGeneralAndAdministrative": "300800000", "researchAndDevelopment": "None", "operatingExpenses": "300800000", "investmentIncomeNet": "None", "netInterestIncome": "-37600000", "interestIncome": "37600000", "interestExpense": "39700000", "nonInterestIncome": "None", "otherNonOperatingIncome": "4600000", "depreciation": "None", "depreciationAndAmortization": "64800000", "incomeBeforeTax": "216100000", "incomeTaxExpense": "43000000", "interestAndDebtExpense": "None", "netIncomeFromContinuingOperations": "173100000", "comprehensiveIncomeNetOfTax": "None", "ebit": "255800000", "ebitda": "320600000", "netIncome": "173100000"}, {"fiscalDateEnding": "2018-12-31", "reportedCurrency": "USD", "grossProfit": "567800000", "totalRevenue": "1401600000", "costOfRevenue": "833800000", "costofGoodsAndServicesSold": "833800000", "operatingIncome": "271000000", "sellingGeneralAndAdministrative": "296800000", "researchAndDevelopment": "0", "operatingExpenses": "296800000", "investmentIncomeNet": "None", "netInterestIncome": "None", "interestIncome": "None", "interestExpense": "38200000", "nonInterestIncome": "None", "otherNonOperatingIncome": "2200000", "depreciation": "None", "depreciationAndAmortization": "68700000", "incomeBeforeTax": "235000000", "incomeTaxExpense": "22900000", "interestAndDebtExpense": "None", "netIncomeFromContinuingOperations": "212100000", "comprehensiveIncomeNetOfTax": "None", "ebit": "273200000", "ebitda": "341900000", "netIncome": "212100000"}, {"fiscalDateEnding": "2018-09-30", "reportedCurrency": "USD", "grossProfit": "575400000", "totalRevenue": "1387800000", "costOfRevenue": "812400000", "costofGoodsAndServicesSold": "812400000", "operatingIncome": "302600000", "sellingGeneralAndAdministrative": "272800000", "researchAndDevelopment": "0", "operatingExpenses": "272800000", "investmentIncomeNet": "None", "netInterestIncome": "None", "interestIncome": "None", "interestExpense": "38400000", "nonInterestIncome": "None", "otherNonOperatingIncome": "2200000", "depreciation": "None", "depreciationAndAmortization": "63600000", "incomeBeforeTax": "266400000", "incomeTaxExpense": "57800000", "interestAndDebtExpense": "None", "netIncomeFromContinuingOperations": "208600000", "comprehensiveIncomeNetOfTax": "None", "ebit": "304800000", "ebitda": "368400000", "netIncome": "208600000"}, {"fiscalDateEnding": "2018-06-30", "reportedCurrency": "USD", "grossProfit": "581900000", "totalRevenue": "1411100000", "costOfRevenue": "829200000", "costofGoodsAndServicesSold": "829200000", "operatingIncome": "283600000", "sellingGeneralAndAdministrative": "298300000", "researchAndDevelopment": "0", "operatingExpenses": "298300000", "investmentIncomeNet": "None", "netInterestIncome": "None", "interestIncome": "None", "interestExpense": "37500000", "nonInterestIncome": "None", "otherNonOperatingIncome": "9400000", "depreciation": "None", "depreciationAndAmortization": "65700000", "incomeBeforeTax": "255500000", "incomeTaxExpense": "37900000", "interestAndDebtExpense": "None", "netIncomeFromContinuingOperations": "217600000", "comprehensiveIncomeNetOfTax": "None", "ebit": "293000000", "ebitda": "358700000", "netIncome": "217600000"}, {"fiscalDateEnding": "2018-03-31", "reportedCurrency": "USD", "grossProfit": "564000000", "totalRevenue": "1389400000", "costOfRevenue": "825400000", "costofGoodsAndServicesSold": "825400000", "operatingIncome": "264900000", "sellingGeneralAndAdministrative": "299100000", "researchAndDevelopment": "0", "operatingExpenses": "299100000", "investmentIncomeNet": "None", "netInterestIncome": "None", "interestIncome": "None", "interestExpense": "35500000", "nonInterestIncome": "None", "otherNonOperatingIncome": "5100000", "depreciation": "None", "depreciationAndAmortization": "66700000", "incomeBeforeTax": "234500000", "incomeTaxExpense": "20900000", "interestAndDebtExpense": "None", "netIncomeFromContinuingOperations": "213600000", "comprehensiveIncomeNetOfTax": "None", "ebit": "270000000", "ebitda": "336700000", "netIncome": "213600000"}, {"fiscalDateEnding": "2017-12-31", "reportedCurrency": "USD", "grossProfit": "567400000", "totalRevenue": "1438300000", "costOfRevenue": "870900000", "costofGoodsAndServicesSold": "870900000", "operatingIncome": "-252500000", "sellingGeneralAndAdministrative": "355900000", "researchAndDevelopment": "0", "operatingExpenses": "819900000", "investmentIncomeNet": "None", "netInterestIncome": "None", "interestIncome": "None", "interestExpense": "37900000", "nonInterestIncome": "None", "otherNonOperatingIncome": "1200000", "depreciation": "None", "depreciationAndAmortization": "65800000", "incomeBeforeTax": "-289200000", "incomeTaxExpense": "831700000", "interestAndDebtExpense": "None", "netIncomeFromContinuingOperations": "-1120900000", "comprehensiveIncomeNetOfTax": "None", "ebit": "-251300000", "ebitda": "-185500000", "netIncome": "-1120900000"}, {"fiscalDateEnding": "2017-09-30", "reportedCurrency": "USD", "grossProfit": "564200000", "totalRevenue": "1404700000", "costOfRevenue": "840500000", "costofGoodsAndServicesSold": "840500000", "operatingIncome": "271600000", "sellingGeneralAndAdministrative": "292000000", "researchAndDevelopment": "0", "operatingExpenses": "292000000", "investmentIncomeNet": "None", "netInterestIncome": "None", "interestIncome": "None", "interestExpense": "37200000", "nonInterestIncome": "None", "otherNonOperatingIncome": "4800000", "depreciation": "None", "depreciationAndAmortization": "65500000", "incomeBeforeTax": "239200000", "incomeTaxExpense": "3600000", "interestAndDebtExpense": "None", "netIncomeFromContinuingOperations": "235600000", "comprehensiveIncomeNetOfTax": "None", "ebit": "276400000", "ebitda": "341900000", "netIncome": "235600000"}, {"fiscalDateEnding": "2017-06-30", "reportedCurrency": "USD", "grossProfit": "536600000", "totalRevenue": "1378900000", "costOfRevenue": "842300000", "costofGoodsAndServicesSold": "842300000", "operatingIncome": "214800000", "sellingGeneralAndAdministrative": "321200000", "researchAndDevelopment": "0", "operatingExpenses": "321200000", "investmentIncomeNet": "None", "netInterestIncome": "None", "interestIncome": "None", "interestExpense": "35700000", "nonInterestIncome": "None", "otherNonOperatingIncome": "5300000", "depreciation": "None", "depreciationAndAmortization": "65200000", "incomeBeforeTax": "184400000", "incomeTaxExpense": "17900000", "interestAndDebtExpense": "None", "netIncomeFromContinuingOperations": "166500000", "comprehensiveIncomeNetOfTax": "None", "ebit": "220100000", "ebitda": "285300000", "netIncome": "166500000"}, {"fiscalDateEnding": "2017-03-31", "reportedCurrency": "USD", "grossProfit": "502500000", "totalRevenue": "1302400000", "costOfRevenue": "799900000", "costofGoodsAndServicesSold": "799900000", "operatingIncome": "239500000", "sellingGeneralAndAdministrative": "262400000", "researchAndDevelopment": "0", "operatingExpenses": "262400000", "investmentIncomeNet": "None", "netInterestIncome": "None", "interestIncome": "None", "interestExpense": "31300000", "nonInterestIncome": "None", "otherNonOperatingIncome": "4900000", "depreciation": "None", "depreciationAndAmortization": "66400000", "incomeBeforeTax": "213100000", "incomeTaxExpense": "51400000", "interestAndDebtExpense": "None", "netIncomeFromContinuingOperations": "161700000", "comprehensiveIncomeNetOfTax": "None", "ebit": "244400000", "ebitda": "310800000", "netIncome": "161700000"}, {"fiscalDateEnding": "2016-12-31", "reportedCurrency": "USD", "grossProfit": "525900000", "totalRevenue": "1371700000", "costOfRevenue": "845800000", "costofGoodsAndServicesSold": "845800000", "operatingIncome": "-313500000", "sellingGeneralAndAdministrative": "839400000", "researchAndDevelopment": "0", "operatingExpenses": "839400000", "investmentIncomeNet": "None", "netInterestIncome": "None", "interestIncome": "None", "interestExpense": "29600000", "nonInterestIncome": "None", "otherNonOperatingIncome": "4800000", "depreciation": "None", "depreciationAndAmortization": "65300000", "incomeBeforeTax": "-338300000", "incomeTaxExpense": "16700000", "interestAndDebtExpense": "None", "netIncomeFromContinuingOperations": "-355000000", "comprehensiveIncomeNetOfTax": "None", "ebit": "-308700000", "ebitda": "-243400000", "netIncome": "-355000000"}, {"fiscalDateEnding": "2016-09-30", "reportedCurrency": "USD", "grossProfit": "554900000", "totalRevenue": "1377800000", "costOfRevenue": "822900000", "costofGoodsAndServicesSold": "822900000", "operatingIncome": "278300000", "sellingGeneralAndAdministrative": "276600000", "researchAndDevelopment": "0", "operatingExpenses": "276600000", "investmentIncomeNet": "None", "netInterestIncome": "None", "interestIncome": "None", "interestExpense": "41400000", "nonInterestIncome": "None", "otherNonOperatingIncome": "3100000", "depreciation": "None", "depreciationAndAmortization": "66400000", "incomeBeforeTax": "240000000", "incomeTaxExpense": "23100000", "interestAndDebtExpense": "None", "netIncomeFromContinuingOperations": "216900000", "comprehensiveIncomeNetOfTax": "None", "ebit": "281400000", "ebitda": "347800000", "netIncome": "216900000"}, {"fiscalDateEnding": "2016-06-30", "reportedCurrency": "USD", "grossProfit": "553800000", "totalRevenue": "1375700000", "costOfRevenue": "821900000", "costofGoodsAndServicesSold": "821900000", "operatingIncome": "260300000", "sellingGeneralAndAdministrative": "293500000", "researchAndDevelopment": "0", "operatingExpenses": "293500000", "investmentIncomeNet": "None", "netInterestIncome": "None", "interestIncome": "None", "interestExpense": "41000000", "nonInterestIncome": "None", "otherNonOperatingIncome": "3200000", "depreciation": "None", "depreciationAndAmortization": "65900000", "incomeBeforeTax": "222500000", "incomeTaxExpense": "16900000", "interestAndDebtExpense": "None", "netIncomeFromContinuingOperations": "205600000", "comprehensiveIncomeNetOfTax": "None", "ebit": "263500000", "ebitda": "329400000", "netIncome": "205600000"}, {"fiscalDateEnding": "2016-03-31", "reportedCurrency": "USD", "grossProfit": "518300000", "totalRevenue": "1297700000", "costOfRevenue": "779400000", "costofGoodsAndServicesSold": "779400000", "operatingIncome": "258600000", "sellingGeneralAndAdministrative": "259700000", "researchAndDevelopment": "0", "operatingExpenses": "259700000", "investmentIncomeNet": "None", "netInterestIncome": "None", "interestIncome": "None", "interestExpense": "40500000", "nonInterestIncome": "None", "otherNonOperatingIncome": "-600000", "depreciation": "None", "depreciationAndAmortization": "65600000", "incomeBeforeTax": "217500000", "incomeTaxExpense": "31800000", "interestAndDebtExpense": "None", "netIncomeFromContinuingOperations": "185700000", "comprehensiveIncomeNetOfTax": "None", "ebit": "258000000", "ebitda": "323600000", "netIncome": "185700000"}, {"fiscalDateEnding": "2015-12-31", "reportedCurrency": "USD", "grossProfit": "569000000", "totalRevenue": "1380000000", "costOfRevenue": "811000000", "costofGoodsAndServicesSold": "811000000", "operatingIncome": "281800000", "sellingGeneralAndAdministrative": "287200000", "researchAndDevelopment": "0", "operatingExpenses": "287200000", "investmentIncomeNet": "None", "netInterestIncome": "None", "interestIncome": "None", "interestExpense": "40800000", "nonInterestIncome": "None", "otherNonOperatingIncome": "-4100000", "depreciation": "None", "depreciationAndAmortization": "69000000", "incomeBeforeTax": "236900000", "incomeTaxExpense": "24600000", "interestAndDebtExpense": "None", "netIncomeFromContinuingOperations": "212300000", "comprehensiveIncomeNetOfTax": "None", "ebit": "277700000", "ebitda": "346700000", "netIncome": "212300000"}, {"fiscalDateEnding": "2015-09-30", "reportedCurrency": "USD", "grossProfit": "582000000", "totalRevenue": "1399200000", "costOfRevenue": "817200000", "costofGoodsAndServicesSold": "817200000", "operatingIncome": "304500000", "sellingGeneralAndAdministrative": "277500000", "researchAndDevelopment": "0", "operatingExpenses": "277500000", "investmentIncomeNet": "None", "netInterestIncome": "None", "interestIncome": "None", "interestExpense": "42200000", "nonInterestIncome": "None", "otherNonOperatingIncome": "3100000", "depreciation": "None", "depreciationAndAmortization": "74400000", "incomeBeforeTax": "265400000", "incomeTaxExpense": "33100000", "interestAndDebtExpense": "None", "netIncomeFromContinuingOperations": "232300000", "comprehensiveIncomeNetOfTax": "None", "ebit": "307600000", "ebitda": "382000000", "netIncome": "232300000"}, {"fiscalDateEnding": "2015-06-30", "reportedCurrency": "USD", "grossProfit": "584200000", "totalRevenue": "1383600000", "costOfRevenue": "799400000", "costofGoodsAndServicesSold": "799400000", "operatingIncome": "250800000", "sellingGeneralAndAdministrative": "333400000", "researchAndDevelopment": "0", "operatingExpenses": "333400000", "investmentIncomeNet": "None", "netInterestIncome": "None", "interestIncome": "None", "interestExpense": "43100000", "nonInterestIncome": "None", "otherNonOperatingIncome": "-800000", "depreciation": "None", "depreciationAndAmortization": "62900000", "incomeBeforeTax": "206900000", "incomeTaxExpense": "17600000", "interestAndDebtExpense": "None", "netIncomeFromContinuingOperations": "189300000", "comprehensiveIncomeNetOfTax": "None", "ebit": "250000000", "ebitda": "312900000", "netIncome": "189300000"}, {"fiscalDateEnding": "2015-03-31", "reportedCurrency": "USD", "grossProfit": "549100000", "totalRevenue": "1320900000", "costOfRevenue": "771800000", "costofGoodsAndServicesSold": "771800000", "operatingIncome": "272300000", "sellingGeneralAndAdministrative": "276800000", "researchAndDevelopment": "0", "operatingExpenses": "276800000", "investmentIncomeNet": "None", "netInterestIncome": "None", "interestIncome": "None", "interestExpense": "41800000", "nonInterestIncome": "None", "otherNonOperatingIncome": "2100000", "depreciation": "None", "depreciationAndAmortization": "63900000", "incomeBeforeTax": "232600000", "incomeTaxExpense": "28700000", "interestAndDebtExpense": "None", "netIncomeFromContinuingOperations": "203900000", "comprehensiveIncomeNetOfTax": "None", "ebit": "274400000", "ebitda": "338300000", "netIncome": "203900000"}, {"fiscalDateEnding": "2014-12-31", "reportedCurrency": "USD", "grossProfit": "578000000", "totalRevenue": "1409900000", "costOfRevenue": "831900000", "costofGoodsAndServicesSold": "831900000", "operatingIncome": "276100000", "sellingGeneralAndAdministrative": "301900000", "researchAndDevelopment": "0", "operatingExpenses": "301900000", "investmentIncomeNet": "None", "netInterestIncome": "None", "interestIncome": "None", "interestExpense": "42400000", "nonInterestIncome": "None", "otherNonOperatingIncome": "2200000", "depreciation": "None", "depreciationAndAmortization": "69500000", "incomeBeforeTax": "235900000", "incomeTaxExpense": "14400000", "interestAndDebtExpense": "None", "netIncomeFromContinuingOperations": "221500000", "comprehensiveIncomeNetOfTax": "None", "ebit": "278300000", "ebitda": "347800000", "netIncome": "221500000"}, {"fiscalDateEnding": "2014-09-30", "reportedCurrency": "USD", "grossProfit": "600400000", "totalRevenue": "1440900000", "costOfRevenue": "840500000", "costofGoodsAndServicesSold": "840500000", "operatingIncome": "314100000", "sellingGeneralAndAdministrative": "286300000", "researchAndDevelopment": "0", "operatingExpenses": "286300000", "investmentIncomeNet": "None", "netInterestIncome": "None", "interestIncome": "None", "interestExpense": "43200000", "nonInterestIncome": "None", "otherNonOperatingIncome": "1900000", "depreciation": "None", "depreciationAndAmortization": "66800000", "incomeBeforeTax": "272800000", "incomeTaxExpense": "38700000", "interestAndDebtExpense": "None", "netIncomeFromContinuingOperations": "234100000", "comprehensiveIncomeNetOfTax": "None", "ebit": "316000000", "ebitda": "382800000", "netIncome": "234100000"}, {"fiscalDateEnding": "2014-06-30", "reportedCurrency": "USD", "grossProfit": "577800000", "totalRevenue": "1405600000", "costOfRevenue": "827800000", "costofGoodsAndServicesSold": "827800000", "operatingIncome": "278300000", "sellingGeneralAndAdministrative": "299500000", "researchAndDevelopment": "0", "operatingExpenses": "299500000", "investmentIncomeNet": "None", "netInterestIncome": "None", "interestIncome": "None", "interestExpense": "43400000", "nonInterestIncome": "None", "otherNonOperatingIncome": "-2800000", "depreciation": "None", "depreciationAndAmortization": "68400000", "incomeBeforeTax": "232100000", "incomeTaxExpense": "38300000", "interestAndDebtExpense": "None", "netIncomeFromContinuingOperations": "193800000", "comprehensiveIncomeNetOfTax": "None", "ebit": "275500000", "ebitda": "343900000", "netIncome": "193800000"}, {"fiscalDateEnding": "2014-03-31", "reportedCurrency": "USD", "grossProfit": "553600000", "totalRevenue": "1350800000", "costOfRevenue": "797200000", "costofGoodsAndServicesSold": "797200000", "operatingIncome": "272000000", "sellingGeneralAndAdministrative": "281600000", "researchAndDevelopment": "0", "operatingExpenses": "281600000", "investmentIncomeNet": "None", "netInterestIncome": "None", "interestIncome": "None", "interestExpense": "47600000", "nonInterestIncome": "None", "otherNonOperatingIncome": "3000000", "depreciation": "None", "depreciationAndAmortization": "67200000", "incomeBeforeTax": "227400000", "incomeTaxExpense": "24400000", "interestAndDebtExpense": "None", "netIncomeFromContinuingOperations": "203000000", "comprehensiveIncomeNetOfTax": "None", "ebit": "275000000", "ebitda": "342200000", "netIncome": "203000000"}, {"fiscalDateEnding": "2013-12-31", "reportedCurrency": "USD", "grossProfit": "576200000", "totalRevenue": "1421900000", "costOfRevenue": "845700000", "costofGoodsAndServicesSold": "845700000", "operatingIncome": "238400000", "sellingGeneralAndAdministrative": "337800000", "researchAndDevelopment": "0", "operatingExpenses": "337800000", "investmentIncomeNet": "None", "netInterestIncome": "None", "interestIncome": "None", "interestExpense": "49900000", "nonInterestIncome": "None", "otherNonOperatingIncome": "4300000", "depreciation": "None", "depreciationAndAmortization": "64900000", "incomeBeforeTax": "192800000", "incomeTaxExpense": "19400000", "interestAndDebtExpense": "None", "netIncomeFromContinuingOperations": "430400000", "comprehensiveIncomeNetOfTax": "None", "ebit": "242700000", "ebitda": "307600000", "netIncome": "173400000"}, {"fiscalDateEnding": "2013-09-30", "reportedCurrency": "USD", "grossProfit": "590600000", "totalRevenue": "1408800000", "costOfRevenue": "818200000", "costofGoodsAndServicesSold": "818200000", "operatingIncome": "295300000", "sellingGeneralAndAdministrative": "295300000", "researchAndDevelopment": "0", "operatingExpenses": "295300000", "investmentIncomeNet": "None", "netInterestIncome": "None", "interestIncome": "None", "interestExpense": "48800000", "nonInterestIncome": "None", "otherNonOperatingIncome": "5200000", "depreciation": "None", "depreciationAndAmortization": "68600000", "incomeBeforeTax": "251700000", "incomeTaxExpense": "37300000", "interestAndDebtExpense": "None", "netIncomeFromContinuingOperations": "214400000", "comprehensiveIncomeNetOfTax": "None", "ebit": "300500000", "ebitda": "369100000", "netIncome": "214400000"}, {"fiscalDateEnding": "2013-06-30", "reportedCurrency": "USD", "grossProfit": "574200000", "totalRevenue": "1385900000", "costOfRevenue": "811700000", "costofGoodsAndServicesSold": "811700000", "operatingIncome": "276800000", "sellingGeneralAndAdministrative": "297400000", "researchAndDevelopment": "0", "operatingExpenses": "297400000", "investmentIncomeNet": "None", "netInterestIncome": "None", "interestIncome": "None", "interestExpense": "48000000", "nonInterestIncome": "None", "otherNonOperatingIncome": "3400000", "depreciation": "None", "depreciationAndAmortization": "66400000", "incomeBeforeTax": "232200000", "incomeTaxExpense": "33600000", "interestAndDebtExpense": "None", "netIncomeFromContinuingOperations": "198600000", "comprehensiveIncomeNetOfTax": "None", "ebit": "280200000", "ebitda": "346600000", "netIncome": "198600000"}, {"fiscalDateEnding": "2013-03-31", "reportedCurrency": "USD", "grossProfit": "566000000", "totalRevenue": "1325400000", "costOfRevenue": "759400000", "costofGoodsAndServicesSold": "759400000", "operatingIncome": "296900000", "sellingGeneralAndAdministrative": "269100000", "researchAndDevelopment": "0", "operatingExpenses": "269100000", "investmentIncomeNet": "None", "netInterestIncome": "None", "interestIncome": "None", "interestExpense": "48900000", "nonInterestIncome": "None", "otherNonOperatingIncome": "2200000", "depreciation": "None", "depreciationAndAmortization": "62900000", "incomeBeforeTax": "250200000", "incomeTaxExpense": "38200000", "interestAndDebtExpense": "None", "netIncomeFromContinuingOperations": "212000000", "comprehensiveIncomeNetOfTax": "None", "ebit": "299100000", "ebitda": "362000000", "netIncome": "212000000"}, {"fiscalDateEnding": "2012-12-31", "reportedCurrency": "USD", "grossProfit": "607300000", "totalRevenue": "1424700000", "costOfRevenue": "817400000", "costofGoodsAndServicesSold": "817400000", "operatingIncome": "286000000", "sellingGeneralAndAdministrative": "321300000", "researchAndDevelopment": "0", "operatingExpenses": "321300000", "investmentIncomeNet": "None", "netInterestIncome": "None", "interestIncome": "None", "interestExpense": "45500000", "nonInterestIncome": "None", "otherNonOperatingIncome": "4300000", "depreciation": "None", "depreciationAndAmortization": "62000000", "incomeBeforeTax": "244800000", "incomeTaxExpense": "6900000", "interestAndDebtExpense": "None", "netIncomeFromContinuingOperations": "523700000", "comprehensiveIncomeNetOfTax": "None", "ebit": "290300000", "ebitda": "352300000", "netIncome": "237900000"}, {"fiscalDateEnding": "2012-09-30", "reportedCurrency": "USD", "grossProfit": "625300000", "totalRevenue": "1421600000", "costOfRevenue": "796300000", "costofGoodsAndServicesSold": "796300000", "operatingIncome": "365600000", "sellingGeneralAndAdministrative": "259700000", "researchAndDevelopment": "0", "operatingExpenses": "259700000", "investmentIncomeNet": "None", "netInterestIncome": "None", "interestIncome": "None", "interestExpense": "44600000", "nonInterestIncome": "None", "otherNonOperatingIncome": "2800000", "depreciation": "None", "depreciationAndAmortization": "61200000", "incomeBeforeTax": "323800000", "incomeTaxExpense": "54300000", "interestAndDebtExpense": "None", "netIncomeFromContinuingOperations": "269500000", "comprehensiveIncomeNetOfTax": "None", "ebit": "368400000", "ebitda": "429600000", "netIncome": "269500000"}, {"fiscalDateEnding": "2012-06-30", "reportedCurrency": "USD", "grossProfit": "627600000", "totalRevenue": "1425100000", "costOfRevenue": "797500000", "costofGoodsAndServicesSold": "797500000", "operatingIncome": "345900000", "sellingGeneralAndAdministrative": "281700000", "researchAndDevelopment": "0", "operatingExpenses": "281700000", "investmentIncomeNet": "None", "netInterestIncome": "None", "interestIncome": "None", "interestExpense": "45100000", "nonInterestIncome": "None", "otherNonOperatingIncome": "9300000", "depreciation": "None", "depreciationAndAmortization": "59000000", "incomeBeforeTax": "310100000", "incomeTaxExpense": "38900000", "interestAndDebtExpense": "None", "netIncomeFromContinuingOperations": "271200000", "comprehensiveIncomeNetOfTax": "None", "ebit": "355200000", "ebitda": "414200000", "netIncome": "271200000"}, {"fiscalDateEnding": "2012-03-31", "reportedCurrency": "USD", "grossProfit": "610400000", "totalRevenue": "1393400000", "costOfRevenue": "783000000", "costofGoodsAndServicesSold": "783000000", "operatingIncome": "332500000", "sellingGeneralAndAdministrative": "277900000", "researchAndDevelopment": "0", "operatingExpenses": "277900000", "investmentIncomeNet": "None", "netInterestIncome": "None", "interestIncome": "None", "interestExpense": "44400000", "nonInterestIncome": "None", "otherNonOperatingIncome": "2000000", "depreciation": "None", "depreciationAndAmortization": "63900000", "incomeBeforeTax": "290100000", "incomeTaxExpense": "42800000", "interestAndDebtExpense": "None", "netIncomeFromContinuingOperations": "247300000", "comprehensiveIncomeNetOfTax": "None", "ebit": "334500000", "ebitda": "398400000", "netIncome": "247300000"}, {"fiscalDateEnding": "2011-12-31", "reportedCurrency": "USD", "grossProfit": "638900000", "totalRevenue": "1431300000", "costOfRevenue": "792400000", "costofGoodsAndServicesSold": "792400000", "operatingIncome": "358400000", "sellingGeneralAndAdministrative": "280500000", "researchAndDevelopment": "0", "operatingExpenses": "280500000", "investmentIncomeNet": "None", "netInterestIncome": "None", "interestIncome": "None", "interestExpense": "47600000", "nonInterestIncome": "None", "otherNonOperatingIncome": "41800000", "depreciation": "None", "depreciationAndAmortization": "55400000", "incomeBeforeTax": "352600000", "incomeTaxExpense": "-99700000", "interestAndDebtExpense": "None", "netIncomeFromContinuingOperations": "452300000", "comprehensiveIncomeNetOfTax": "None", "ebit": "400200000", "ebitda": "455600000", "netIncome": "452300000"}, {"fiscalDateEnding": "2011-09-30", "reportedCurrency": "USD", "grossProfit": "610800000", "totalRevenue": "1410800000", "costOfRevenue": "800000000", "costofGoodsAndServicesSold": "800000000", "operatingIncome": "363000000", "sellingGeneralAndAdministrative": "247800000", "researchAndDevelopment": "0", "operatingExpenses": "247800000", "investmentIncomeNet": "None", "netInterestIncome": "None", "interestIncome": "None", "interestExpense": "46700000", "nonInterestIncome": "None", "otherNonOperatingIncome": "-2400000", "depreciation": "None", "depreciationAndAmortization": "45900000", "incomeBeforeTax": "313900000", "incomeTaxExpense": "74200000", "interestAndDebtExpense": "None", "netIncomeFromContinuingOperations": "239700000", "comprehensiveIncomeNetOfTax": "None", "ebit": "360600000", "ebitda": "406500000", "netIncome": "239700000"}, {"fiscalDateEnding": "2011-06-30", "reportedCurrency": "USD", "grossProfit": "602100000", "totalRevenue": "1366300000", "costOfRevenue": "764200000", "costofGoodsAndServicesSold": "764200000", "operatingIncome": "350700000", "sellingGeneralAndAdministrative": "251400000", "researchAndDevelopment": "0", "operatingExpenses": "251400000", "investmentIncomeNet": "None", "netInterestIncome": "None", "interestIncome": "None", "interestExpense": "44200000", "nonInterestIncome": "None", "otherNonOperatingIncome": "26900000", "depreciation": "None", "depreciationAndAmortization": "46600000", "incomeBeforeTax": "333400000", "incomeTaxExpense": "70200000", "interestAndDebtExpense": "None", "netIncomeFromContinuingOperations": "263200000", "comprehensiveIncomeNetOfTax": "None", "ebit": "377600000", "ebitda": "424200000", "netIncome": "263200000"}, {"fiscalDateEnding": "2011-03-31", "reportedCurrency": "USD", "grossProfit": "537600000", "totalRevenue": "1283000000", "costOfRevenue": "745400000", "costofGoodsAndServicesSold": "745400000", "operatingIncome": "312900000", "sellingGeneralAndAdministrative": "224700000", "researchAndDevelopment": "0", "operatingExpenses": "224700000", "investmentIncomeNet": "None", "netInterestIncome": "None", "interestIncome": "None", "interestExpense": "43400000", "nonInterestIncome": "None", "otherNonOperatingIncome": "5200000", "depreciation": "None", "depreciationAndAmortization": "44700000", "incomeBeforeTax": "274700000", "incomeTaxExpense": "64500000", "interestAndDebtExpense": "None", "netIncomeFromContinuingOperations": "210200000", "comprehensiveIncomeNetOfTax": "None", "ebit": "318100000", "ebitda": "362800000", "netIncome": "210200000"}, {"fiscalDateEnding": "2010-12-31", "reportedCurrency": "USD", "grossProfit": "573500000", "totalRevenue": "1357000000", "costOfRevenue": "783500000", "costofGoodsAndServicesSold": "783500000", "operatingIncome": "322100000", "sellingGeneralAndAdministrative": "251400000", "researchAndDevelopment": "0", "operatingExpenses": "251400000", "investmentIncomeNet": "None", "netInterestIncome": "None", "interestIncome": "None", "interestExpense": "45200000", "nonInterestIncome": "None", "otherNonOperatingIncome": "11400000", "depreciation": "None", "depreciationAndAmortization": "45400000", "incomeBeforeTax": "288300000", "incomeTaxExpense": "45700000", "interestAndDebtExpense": "None", "netIncomeFromContinuingOperations": "242600000", "comprehensiveIncomeNetOfTax": "None", "ebit": "333500000", "ebitda": "378900000", "netIncome": "242600000"}, {"fiscalDateEnding": "2010-09-30", "reportedCurrency": "USD", "grossProfit": "577000000", "totalRevenue": "1329600000", "costOfRevenue": "752600000", "costofGoodsAndServicesSold": "752600000", "operatingIncome": "351200000", "sellingGeneralAndAdministrative": "225800000", "researchAndDevelopment": "0", "operatingExpenses": "225800000", "investmentIncomeNet": "None", "netInterestIncome": "None", "interestIncome": "None", "interestExpense": "44800000", "nonInterestIncome": "None", "otherNonOperatingIncome": "2200000", "depreciation": "None", "depreciationAndAmortization": "44900000", "incomeBeforeTax": "308600000", "incomeTaxExpense": "70200000", "interestAndDebtExpense": "None", "netIncomeFromContinuingOperations": "238400000", "comprehensiveIncomeNetOfTax": "None", "ebit": "353400000", "ebitda": "398300000", "netIncome": "238400000"}, {"fiscalDateEnding": "2010-06-30", "reportedCurrency": "USD", "grossProfit": "545700000", "totalRevenue": "1273400000", "costOfRevenue": "727700000", "costofGoodsAndServicesSold": "727700000", "operatingIncome": "311000000", "sellingGeneralAndAdministrative": "234700000", "researchAndDevelopment": "0", "operatingExpenses": "234700000", "investmentIncomeNet": "None", "netInterestIncome": "None", "interestIncome": "None", "interestExpense": "41100000", "nonInterestIncome": "None", "otherNonOperatingIncome": "2400000", "depreciation": "None", "depreciationAndAmortization": "43600000", "incomeBeforeTax": "272300000", "incomeTaxExpense": "51300000", "interestAndDebtExpense": "None", "netIncomeFromContinuingOperations": "221000000", "comprehensiveIncomeNetOfTax": "None", "ebit": "313400000", "ebitda": "357000000", "netIncome": "221000000"}, {"fiscalDateEnding": "2010-03-31", "reportedCurrency": "USD", "grossProfit": "518100000", "totalRevenue": "1232700000", "costOfRevenue": "714600000", "costofGoodsAndServicesSold": "714600000", "operatingIncome": "315800000", "sellingGeneralAndAdministrative": "202300000", "researchAndDevelopment": "0", "operatingExpenses": "202300000", "investmentIncomeNet": "None", "netInterestIncome": "None", "interestIncome": "None", "interestExpense": "38800000", "nonInterestIncome": "None", "otherNonOperatingIncome": "-1000000", "depreciation": "None", "depreciationAndAmortization": "42000000", "incomeBeforeTax": "276000000", "incomeTaxExpense": "68100000", "interestAndDebtExpense": "None", "netIncomeFromContinuingOperations": "207900000", "comprehensiveIncomeNetOfTax": "None", "ebit": "314800000", "ebitda": "356800000", "netIncome": "207900000"}, {"fiscalDateEnding": "2009-12-31", "reportedCurrency": "USD", "grossProfit": "551100000", "totalRevenue": "1314000000", "costOfRevenue": "762900000", "costofGoodsAndServicesSold": "762900000", "operatingIncome": "318600000", "sellingGeneralAndAdministrative": "232500000", "researchAndDevelopment": "0", "operatingExpenses": "232500000", "investmentIncomeNet": "None", "netInterestIncome": "None", "interestIncome": "None", "interestExpense": "38800000", "nonInterestIncome": "None", "otherNonOperatingIncome": "4300000", "depreciation": "None", "depreciationAndAmortization": "42700000", "incomeBeforeTax": "284100000", "incomeTaxExpense": "60400000", "interestAndDebtExpense": "None", "netIncomeFromContinuingOperations": "223700000", "comprehensiveIncomeNetOfTax": "None", "ebit": "322900000", "ebitda": "365600000", "netIncome": "223700000"}, {"fiscalDateEnding": "2009-09-30", "reportedCurrency": "USD", "grossProfit": "571500000", "totalRevenue": "1314100000", "costOfRevenue": "742600000", "costofGoodsAndServicesSold": "742600000", "operatingIncome": "281500000", "sellingGeneralAndAdministrative": "290000000", "researchAndDevelopment": "0", "operatingExpenses": "290000000", "investmentIncomeNet": "None", "netInterestIncome": "None", "interestIncome": "None", "interestExpense": "39300000", "nonInterestIncome": "None", "otherNonOperatingIncome": "4300000", "depreciation": "None", "depreciationAndAmortization": "38700000", "incomeBeforeTax": "246500000", "incomeTaxExpense": "65500000", "interestAndDebtExpense": "None", "netIncomeFromContinuingOperations": "181000000", "comprehensiveIncomeNetOfTax": "None", "ebit": "285800000", "ebitda": "324500000", "netIncome": "181000000"}, {"fiscalDateEnding": "2009-06-30", "reportedCurrency": "USD", "grossProfit": "554000000", "totalRevenue": "1254300000", "costOfRevenue": "700300000", "costofGoodsAndServicesSold": "700300000", "operatingIncome": "341700000", "sellingGeneralAndAdministrative": "212300000", "researchAndDevelopment": "0", "operatingExpenses": "212300000", "investmentIncomeNet": "None", "netInterestIncome": "None", "interestIncome": "None", "interestExpense": "39800000", "nonInterestIncome": "None", "otherNonOperatingIncome": "-6200000", "depreciation": "None", "depreciationAndAmortization": "37100000", "incomeBeforeTax": "295700000", "incomeTaxExpense": "75500000", "interestAndDebtExpense": "None", "netIncomeFromContinuingOperations": "220200000", "comprehensiveIncomeNetOfTax": "None", "ebit": "335500000", "ebitda": "372600000", "netIncome": "220200000"}, {"fiscalDateEnding": "2009-03-31", "reportedCurrency": "USD", "grossProfit": "532100000", "totalRevenue": "1201200000", "costOfRevenue": "669100000", "costofGoodsAndServicesSold": "669100000", "operatingIncome": "340900000", "sellingGeneralAndAdministrative": "191200000", "researchAndDevelopment": "0", "operatingExpenses": "191200000", "investmentIncomeNet": "None", "netInterestIncome": "None", "interestIncome": "None", "interestExpense": "40000000", "nonInterestIncome": "None", "otherNonOperatingIncome": "4300000", "depreciation": "None", "depreciationAndAmortization": "35700000", "incomeBeforeTax": "305200000", "incomeTaxExpense": "81300000", "interestAndDebtExpense": "None", "netIncomeFromContinuingOperations": "223900000", "comprehensiveIncomeNetOfTax": "None", "ebit": "345200000", "ebitda": "380900000", "netIncome": "223900000"}, {"fiscalDateEnding": "2008-12-31", "reportedCurrency": "USD", "grossProfit": "542200000", "totalRevenue": "1291600000", "costOfRevenue": "749400000", "costofGoodsAndServicesSold": "749400000", "operatingIncome": "334300000", "sellingGeneralAndAdministrative": "207900000", "researchAndDevelopment": "0", "operatingExpenses": "207900000", "investmentIncomeNet": "None", "netInterestIncome": "None", "interestIncome": "None", "interestExpense": "171200000", "nonInterestIncome": "None", "otherNonOperatingIncome": "None", "depreciation": "None", "depreciationAndAmortization": "37100000", "incomeBeforeTax": "305200000", "incomeTaxExpense": "65600000", "interestAndDebtExpense": "None", "netIncomeFromContinuingOperations": "0", "comprehensiveIncomeNetOfTax": "None", "ebit": "389200000", "ebitda": "426300000", "netIncome": "239600000"}, {"fiscalDateEnding": "2008-09-30", "reportedCurrency": "USD", "grossProfit": "591800000", "totalRevenue": "1377400000", "costOfRevenue": "785600000", "costofGoodsAndServicesSold": "785600000", "operatingIncome": "375200000", "sellingGeneralAndAdministrative": "216600000", "researchAndDevelopment": "0", "operatingExpenses": "216600000", "investmentIncomeNet": "None", "netInterestIncome": "None", "interestIncome": "None", "interestExpense": "40400000", "nonInterestIncome": "None", "otherNonOperatingIncome": "None", "depreciation": "None", "depreciationAndAmortization": "37600000", "incomeBeforeTax": "333000000", "incomeTaxExpense": "92200000", "interestAndDebtExpense": "None", "netIncomeFromContinuingOperations": "0", "comprehensiveIncomeNetOfTax": "None", "ebit": "373400000", "ebitda": "411000000", "netIncome": "240800000"}, {"fiscalDateEnding": "2008-06-30", "reportedCurrency": "USD", "grossProfit": "547700000", "totalRevenue": "1347100000", "costOfRevenue": "799400000", "costofGoodsAndServicesSold": "799400000", "operatingIncome": "336200000", "sellingGeneralAndAdministrative": "211500000", "researchAndDevelopment": "0", "operatingExpenses": "211500000", "investmentIncomeNet": "None", "netInterestIncome": "None", "interestIncome": "None", "interestExpense": "43300000", "nonInterestIncome": "None", "otherNonOperatingIncome": "None", "depreciation": "None", "depreciationAndAmortization": "36500000", "incomeBeforeTax": "308000000", "incomeTaxExpense": "76500000", "interestAndDebtExpense": "None", "netIncomeFromContinuingOperations": "0", "comprehensiveIncomeNetOfTax": "None", "ebit": "351300000", "ebitda": "387800000", "netIncome": "231500000"}, {"fiscalDateEnding": "2008-03-31", "reportedCurrency": "USD", "grossProfit": "507300000", "totalRevenue": "1265900000", "costOfRevenue": "758600000", "costofGoodsAndServicesSold": "758600000", "operatingIncome": "309300000", "sellingGeneralAndAdministrative": "198000000", "researchAndDevelopment": "0", "operatingExpenses": "198000000", "investmentIncomeNet": "None", "netInterestIncome": "None", "interestIncome": "None", "interestExpense": "45000000", "nonInterestIncome": "None", "otherNonOperatingIncome": "None", "depreciation": "None", "depreciationAndAmortization": "32800000", "incomeBeforeTax": "292500000", "incomeTaxExpense": "85400000", "interestAndDebtExpense": "None", "netIncomeFromContinuingOperations": "0", "comprehensiveIncomeNetOfTax": "None", "ebit": "337500000", "ebitda": "370300000", "netIncome": "207100000"}, {"fiscalDateEnding": "2007-12-31", "reportedCurrency": "USD", "grossProfit": "556400000", "totalRevenue": "1309100000", "costOfRevenue": "752700000", "costofGoodsAndServicesSold": "752700000", "operatingIncome": "364600000", "sellingGeneralAndAdministrative": "191800000", "researchAndDevelopment": "0", "operatingExpenses": "191800000", "investmentIncomeNet": "None", "netInterestIncome": "None", "interestIncome": "None", "interestExpense": "189000000", "nonInterestIncome": "None", "otherNonOperatingIncome": "None", "depreciation": "None", "depreciationAndAmortization": "31700000", "incomeBeforeTax": "335200000", "incomeTaxExpense": "91900000", "interestAndDebtExpense": "None", "netIncomeFromContinuingOperations": "0", "comprehensiveIncomeNetOfTax": "None", "ebit": "364600000", "ebitda": "396300000", "netIncome": "243300000"}, {"fiscalDateEnding": "2007-09-30", "reportedCurrency": "USD", "grossProfit": "535000000", "totalRevenue": "1257200000", "costOfRevenue": "722200000", "costofGoodsAndServicesSold": "722200000", "operatingIncome": "330100000", "sellingGeneralAndAdministrative": "204900000", "researchAndDevelopment": "0", "operatingExpenses": "204900000", "investmentIncomeNet": "None", "netInterestIncome": "None", "interestIncome": "None", "interestExpense": "47100000", "nonInterestIncome": "None", "otherNonOperatingIncome": "None", "depreciation": "None", "depreciationAndAmortization": "30900000", "incomeBeforeTax": "306900000", "incomeTaxExpense": "90600000", "interestAndDebtExpense": "None", "netIncomeFromContinuingOperations": "0", "comprehensiveIncomeNetOfTax": "None", "ebit": "330100000", "ebitda": "361000000", "netIncome": "216300000"}, {"fiscalDateEnding": "2007-06-30", "reportedCurrency": "USD", "grossProfit": "515000000", "totalRevenue": "1202900000", "costOfRevenue": "687900000", "costofGoodsAndServicesSold": "687900000", "operatingIncome": "322700000", "sellingGeneralAndAdministrative": "192300000", "researchAndDevelopment": "0", "operatingExpenses": "192300000", "investmentIncomeNet": "None", "netInterestIncome": "None", "interestIncome": "None", "interestExpense": "46800000", "nonInterestIncome": "None", "otherNonOperatingIncome": "None", "depreciation": "None", "depreciationAndAmortization": "30900000", "incomeBeforeTax": "298200000", "incomeTaxExpense": "93700000", "interestAndDebtExpense": "None", "netIncomeFromContinuingOperations": "0", "comprehensiveIncomeNetOfTax": "None", "ebit": "322700000", "ebitda": "353600000", "netIncome": "204500000"}, {"fiscalDateEnding": "2007-03-31", "reportedCurrency": "USD", "grossProfit": "485400000", "totalRevenue": "1131000000", "costOfRevenue": "645600000", "costofGoodsAndServicesSold": "645600000", "operatingIncome": "304600000", "sellingGeneralAndAdministrative": "180800000", "researchAndDevelopment": "0", "operatingExpenses": "180800000", "investmentIncomeNet": "None", "netInterestIncome": "None", "interestIncome": "None", "interestExpense": "48000000", "nonInterestIncome": "None", "otherNonOperatingIncome": "None", "depreciation": "None", "depreciationAndAmortization": "30400000", "incomeBeforeTax": "282100000", "incomeTaxExpense": "88900000", "interestAndDebtExpense": "None", "netIncomeFromContinuingOperations": "0", "comprehensiveIncomeNetOfTax": "None", "ebit": "304600000", "ebitda": "335000000", "netIncome": "193200000"}, {"fiscalDateEnding": "2006-12-31", "reportedCurrency": "USD", "grossProfit": "522100000", "totalRevenue": "1173200000", "costOfRevenue": "651100000", "costofGoodsAndServicesSold": "651100000", "operatingIncome": "335200000", "sellingGeneralAndAdministrative": "186900000", "researchAndDevelopment": "0", "operatingExpenses": "186900000", "investmentIncomeNet": "None", "netInterestIncome": "None", "interestIncome": "None", "interestExpense": "53400000", "nonInterestIncome": "None", "otherNonOperatingIncome": "None", "depreciation": "None", "depreciationAndAmortization": "28300000", "incomeBeforeTax": "306500000", "incomeTaxExpense": "89300000", "interestAndDebtExpense": "None", "netIncomeFromContinuingOperations": "0", "comprehensiveIncomeNetOfTax": "None", "ebit": "335200000", "ebitda": "363500000", "netIncome": "217200000"}, {"fiscalDateEnding": "2006-09-30", "reportedCurrency": "USD", "grossProfit": "514400000", "totalRevenue": "1140400000", "costOfRevenue": "626000000", "costofGoodsAndServicesSold": "626000000", "operatingIncome": "337100000", "sellingGeneralAndAdministrative": "177300000", "researchAndDevelopment": "0", "operatingExpenses": "177300000", "investmentIncomeNet": "None", "netInterestIncome": "None", "interestIncome": "None", "interestExpense": "1100000", "nonInterestIncome": "None", "otherNonOperatingIncome": "None", "depreciation": "None", "depreciationAndAmortization": "26100000", "incomeBeforeTax": "379900000", "incomeTaxExpense": "121800000", "interestAndDebtExpense": "None", "netIncomeFromContinuingOperations": "0", "comprehensiveIncomeNetOfTax": "None", "ebit": "337100000", "ebitda": "363200000", "netIncome": "258100000"}, {"fiscalDateEnding": "2006-06-30", "reportedCurrency": "USD", "grossProfit": "518000000", "totalRevenue": "1113600000", "costOfRevenue": "595600000", "costofGoodsAndServicesSold": "595600000", "operatingIncome": "319550000", "sellingGeneralAndAdministrative": "182050000", "researchAndDevelopment": "0", "operatingExpenses": "191600000", "investmentIncomeNet": "None", "netInterestIncome": "None", "interestIncome": "None", "interestExpense": "300000", "nonInterestIncome": "None", "otherNonOperatingIncome": "None", "depreciation": "None", "depreciationAndAmortization": "24500000", "incomeBeforeTax": "324350000", "incomeTaxExpense": "105000000", "interestAndDebtExpense": "None", "netIncomeFromContinuingOperations": "0", "comprehensiveIncomeNetOfTax": "None", "ebit": "326400000", "ebitda": "350900000", "netIncome": "218900000"}, {"fiscalDateEnding": "2006-03-31", "reportedCurrency": "USD", "grossProfit": "492800000", "totalRevenue": "1050600000", "costOfRevenue": "557800000", "costofGoodsAndServicesSold": "557800000", "operatingIncome": "320300000", "sellingGeneralAndAdministrative": "172500000", "researchAndDevelopment": "0", "operatingExpenses": "172500000", "investmentIncomeNet": "None", "netInterestIncome": "None", "interestIncome": "None", "interestExpense": "400000", "nonInterestIncome": "None", "otherNonOperatingIncome": "None", "depreciation": "None", "depreciationAndAmortization": "24600000", "incomeBeforeTax": "338900000", "incomeTaxExpense": "109300000", "interestAndDebtExpense": "None", "netIncomeFromContinuingOperations": "0", "comprehensiveIncomeNetOfTax": "None", "ebit": "320300000", "ebitda": "344900000", "netIncome": "229600000"}, {"fiscalDateEnding": "2005-12-31", "reportedCurrency": "USD", "grossProfit": "996975000", "totalRevenue": "996975000", "costOfRevenue": "573500000", "costofGoodsAndServicesSold": "573500000", "operatingIncome": "-1721725000", "sellingGeneralAndAdministrative": "159200000", "researchAndDevelopment": "0", "operatingExpenses": "996975000", "investmentIncomeNet": "None", "netInterestIncome": "None", "interestIncome": "None", "interestExpense": "400000", "nonInterestIncome": "None", "otherNonOperatingIncome": "None", "depreciation": "None", "depreciationAndAmortization": "None", "incomeBeforeTax": "338200000", "incomeTaxExpense": "-231850000", "interestAndDebtExpense": "None", "netIncomeFromContinuingOperations": "0", "comprehensiveIncomeNetOfTax": "None", "ebit": "0", "ebitda": "-1721725000", "netIncome": "231850000"}, {"fiscalDateEnding": "2005-09-30", "reportedCurrency": "USD", "grossProfit": "996975000", "totalRevenue": "996975000", "costOfRevenue": "509600000", "costofGoodsAndServicesSold": "509600000", "operatingIncome": "996975000", "sellingGeneralAndAdministrative": "148100000", "researchAndDevelopment": "0", "operatingExpenses": "996975000", "investmentIncomeNet": "None", "netInterestIncome": "None", "interestIncome": "None", "interestExpense": "1300000", "nonInterestIncome": "None", "otherNonOperatingIncome": "None", "depreciation": "None", "depreciationAndAmortization": "None", "incomeBeforeTax": "351300000", "incomeTaxExpense": "-231850000", "interestAndDebtExpense": "None", "netIncomeFromContinuingOperations": "0", "comprehensiveIncomeNetOfTax": "None", "ebit": "0", "ebitda": "996975000", "netIncome": "231850000"}]}