{"symbol": "AENTW", "annualReports": [{"fiscalDateEnding": "2025-12-31", "reportedCurrency": "None", "grossProfit": "132852000", "totalRevenue": "1063457000", "costOfRevenue": "930605000", "costofGoodsAndServicesSold": "930605000", "operatingIncome": "30136000", "sellingGeneralAndAdministrative": "48292000", "researchAndDevelopment": "None", "operatingExpenses": "102716000", "investmentIncomeNet": "None", "netInterestIncome": "None", "interestIncome": "None", "interestExpense": "10575000", "nonInterestIncome": "None", "otherNonOperatingIncome": "None", "depreciation": "None", "depreciationAndAmortization": "5334000", "incomeBeforeTax": "18708000", "incomeTaxExpense": "3630000", "interestAndDebtExpense": "None", "netIncomeFromContinuingOperations": "None", "comprehensiveIncomeNetOfTax": "None", "ebit": "29283000", "ebitda": "34617000", "netIncome": "15078000"}, {"fiscalDateEnding": "2024-12-31", "reportedCurrency": "USD", "grossProfit": "128889000", "totalRevenue": "1100483000", "costOfRevenue": "971594000", "costofGoodsAndServicesSold": "971594000", "operatingIncome": "14141000", "sellingGeneralAndAdministrative": "57651000", "researchAndDevelopment": "None", "operatingExpenses": "114748000", "investmentIncomeNet": "None", "netInterestIncome": "-10575000", "interestIncome": "None", "interestExpense": "12247000", "nonInterestIncome": "None", "otherNonOperatingIncome": "None", "depreciation": "None", "depreciationAndAmortization": "5880000", "incomeBeforeTax": "1853000", "incomeTaxExpense": "-2728000", "interestAndDebtExpense": "None", "netIncomeFromContinuingOperations": "15078000", "comprehensiveIncomeNetOfTax": "None", "ebit": "14100000", "ebitda": "19980000", "netIncome": "4581000"}, {"fiscalDateEnding": "2023-12-31", "reportedCurrency": "USD", "grossProfit": "128889000", "totalRevenue": "1100483000", "costOfRevenue": "971594000", "costofGoodsAndServicesSold": "971594000", "operatingIncome": "16540000", "sellingGeneralAndAdministrative": "106469000", "researchAndDevelopment": "None", "operatingExpenses": "1083943000", "investmentIncomeNet": "None", "netInterestIncome": "-12247000", "interestIncome": "None", "interestExpense": "12247000", "nonInterestIncome": "None", "otherNonOperatingIncome": "None", "depreciation": "None", "depreciationAndAmortization": "None", "incomeBeforeTax": "1853000", "incomeTaxExpense": "None", "interestAndDebtExpense": "None", "netIncomeFromContinuingOperations": "4581000", "comprehensiveIncomeNetOfTax": "None", "ebit": "None", "ebitda": "None", "netIncome": "4581000"}, {"fiscalDateEnding": "2022-12-31", "reportedCurrency": "USD", "grossProfit": "103934000", "totalRevenue": "1158722000", "costOfRevenue": "1054788000", "costofGoodsAndServicesSold": "1054788000", "operatingIncome": "-32746000", "sellingGeneralAndAdministrative": "59060000", "researchAndDevelopment": "None", "operatingExpenses": "136680000", "investmentIncomeNet": "None", "netInterestIncome": "-11715000", "interestIncome": "1649169", "interestExpense": "11715000", "nonInterestIncome": "None", "otherNonOperatingIncome": "None", "depreciation": "None", "depreciationAndAmortization": "6629000", "incomeBeforeTax": "-44462000", "incomeTaxExpense": "-9058000", "interestAndDebtExpense": "None", "netIncomeFromContinuingOperations": "-35404000", "comprehensiveIncomeNetOfTax": "None", "ebit": "-32747000", "ebitda": "-26118000", "netIncome": "-35404000"}, {"fiscalDateEnding": "2021-12-31", "reportedCurrency": "USD", "grossProfit": "182382000", "totalRevenue": "1417377000", "costOfRevenue": "1234995000", "costofGoodsAndServicesSold": "1234995000", "operatingIncome": "42098000", "sellingGeneralAndAdministrative": "58110000", "researchAndDevelopment": "None", "operatingExpenses": "140536000", "investmentIncomeNet": "None", "netInterestIncome": "-4056000", "interestIncome": "10281", "interestExpense": "4056000", "nonInterestIncome": "None", "otherNonOperatingIncome": "None", "depreciation": "None", "depreciationAndAmortization": "8259000", "incomeBeforeTax": "38042000", "incomeTaxExpense": "9423000", "interestAndDebtExpense": "None", "netIncomeFromContinuingOperations": "28619000", "comprehensiveIncomeNetOfTax": "None", "ebit": "42098000", "ebitda": "50357000", "netIncome": "28619000"}, {"fiscalDateEnding": "2020-12-31", "reportedCurrency": "USD", "grossProfit": "182682000", "totalRevenue": "1323567000", "costOfRevenue": "1140885000", "costofGoodsAndServicesSold": "1140885000", "operatingIncome": "47907000", "sellingGeneralAndAdministrative": "57249000", "researchAndDevelopment": "None", "operatingExpenses": "134775000", "investmentIncomeNet": "None", "netInterestIncome": "-2938000", "interestIncome": "None", "interestExpense": "2938000", "nonInterestIncome": "None", "otherNonOperatingIncome": "None", "depreciation": "None", "depreciationAndAmortization": "11395000", "incomeBeforeTax": "44969000", "incomeTaxExpense": "10791000", "interestAndDebtExpense": "None", "netIncomeFromContinuingOperations": "34178000", "comprehensiveIncomeNetOfTax": "None", "ebit": "48163000", "ebitda": "59558000", "netIncome": "34178000"}, {"fiscalDateEnding": "2019-12-31", "reportedCurrency": "USD", "grossProfit": "119111000", "totalRevenue": "775596000", "costOfRevenue": "656485000", "costofGoodsAndServicesSold": "656485000", "operatingIncome": "9261000", "sellingGeneralAndAdministrative": "50007000", "researchAndDevelopment": "None", "operatingExpenses": "109850000", "investmentIncomeNet": "None", "netInterestIncome": "-3524000", "interestIncome": "None", "interestExpense": "3524000", "nonInterestIncome": "None", "otherNonOperatingIncome": "None", "depreciation": "None", "depreciationAndAmortization": "15784000", "incomeBeforeTax": "5737000", "incomeTaxExpense": "376000", "interestAndDebtExpense": "None", "netIncomeFromContinuingOperations": "5361000", "comprehensiveIncomeNetOfTax": "None", "ebit": "9261000", "ebitda": "25045000", "netIncome": "5361000"}, {"fiscalDateEnding": "2018-12-31", "reportedCurrency": "None", "grossProfit": "108559000", "totalRevenue": "746529000", "costOfRevenue": "637970000", "costofGoodsAndServicesSold": "637970000", "operatingIncome": "10426000", "sellingGeneralAndAdministrative": "46929000", "researchAndDevelopment": "None", "operatingExpenses": "105188000", "investmentIncomeNet": "None", "netInterestIncome": "None", "interestIncome": "None", "interestExpense": "None", "nonInterestIncome": "None", "otherNonOperatingIncome": "None", "depreciation": "None", "depreciationAndAmortization": "14083000", "incomeBeforeTax": "-3479000", "incomeTaxExpense": "2415000", "interestAndDebtExpense": "None", "netIncomeFromContinuingOperations": "None", "comprehensiveIncomeNetOfTax": "None", "ebit": "10426000", "ebitda": "24509000", "netIncome": "-5894000"}], "quarterlyReports": [{"fiscalDateEnding": "2025-12-31", "reportedCurrency": "USD", "grossProfit": "47096000", "totalRevenue": "368712000", "costOfRevenue": "321616000", "costofGoodsAndServicesSold": "321616000", "operatingIncome": "17279000", "sellingGeneralAndAdministrative": "28712000", "researchAndDevelopment": "None", "operatingExpenses": "29817000", "investmentIncomeNet": "None", "netInterestIncome": "-3454000", "interestIncome": "None", "interestExpense": "3454000", "nonInterestIncome": "None", "otherNonOperatingIncome": "None", "depreciation": "None", "depreciationAndAmortization": "1290000", "incomeBeforeTax": "12975000", "incomeTaxExpense": "3587000", "interestAndDebtExpense": "None", "netIncomeFromContinuingOperations": "9388000", "comprehensiveIncomeNetOfTax": "None", "ebit": "16429000", "ebitda": "17719000", "netIncome": "9388000"}, {"fiscalDateEnding": "2025-09-30", "reportedCurrency": "USD", "grossProfit": "35895000", "totalRevenue": "253974000", "costOfRevenue": "218079000", "costofGoodsAndServicesSold": "218079000", "operatingIncome": "10897000", "sellingGeneralAndAdministrative": "15078000", "researchAndDevelopment": "None", "operatingExpenses": "24998000", "investmentIncomeNet": "None", "netInterestIncome": "-2347000", "interestIncome": "None", "interestExpense": "2347000", "nonInterestIncome": "None", "otherNonOperatingIncome": "None", "depreciation": "None", "depreciationAndAmortization": "1286000", "incomeBeforeTax": "6738000", "incomeTaxExpense": "1858000", "interestAndDebtExpense": "None", "netIncomeFromContinuingOperations": "4880000", "comprehensiveIncomeNetOfTax": "None", "ebit": "9085000", "ebitda": "10371000", "netIncome": "4880000"}, {"fiscalDateEnding": "2025-06-30", "reportedCurrency": "USD", "grossProfit": "35966000", "totalRevenue": "227750000", "costOfRevenue": "191784000", "costofGoodsAndServicesSold": "191784000", "operatingIncome": "9690000", "sellingGeneralAndAdministrative": "7200001", "researchAndDevelopment": "None", "operatingExpenses": "26276000", "investmentIncomeNet": "None", "netInterestIncome": "-2474000", "interestIncome": "None", "interestExpense": "2474000", "nonInterestIncome": "None", "otherNonOperatingIncome": "None", "depreciation": "None", "depreciationAndAmortization": "1469000", "incomeBeforeTax": "7273000", "incomeTaxExpense": "1514000", "interestAndDebtExpense": "None", "netIncomeFromContinuingOperations": "5759000", "comprehensiveIncomeNetOfTax": "None", "ebit": "10647000", "ebitda": "12116000", "netIncome": "5759000"}, {"fiscalDateEnding": "2025-03-31", "reportedCurrency": "USD", "grossProfit": "29061000", "totalRevenue": "213045000", "costOfRevenue": "183984000", "costofGoodsAndServicesSold": "183984000", "operatingIncome": "3529000", "sellingGeneralAndAdministrative": "14187000", "researchAndDevelopment": "None", "operatingExpenses": "25532000", "investmentIncomeNet": "None", "netInterestIncome": "-2435000", "interestIncome": "None", "interestExpense": "2435000", "nonInterestIncome": "None", "otherNonOperatingIncome": "None", "depreciation": "None", "depreciationAndAmortization": "1352000", "incomeBeforeTax": "2770000", "incomeTaxExpense": "919000", "interestAndDebtExpense": "None", "netIncomeFromContinuingOperations": "1851000", "comprehensiveIncomeNetOfTax": "None", "ebit": "5205000", "ebitda": "6557000", "netIncome": "1851000"}, {"fiscalDateEnding": "2024-12-31", "reportedCurrency": "USD", "grossProfit": "42290000", "totalRevenue": "393672000", "costOfRevenue": "351382000", "costofGoodsAndServicesSold": "351382000", "operatingIncome": "14797000", "sellingGeneralAndAdministrative": "13800000", "researchAndDevelopment": "None", "operatingExpenses": "27493000", "investmentIncomeNet": "None", "netInterestIncome": "-2827000", "interestIncome": "None", "interestExpense": "2827000", "nonInterestIncome": "None", "otherNonOperatingIncome": "None", "depreciation": "None", "depreciationAndAmortization": "1255000", "incomeBeforeTax": "9425000", "incomeTaxExpense": "2354000", "interestAndDebtExpense": "None", "netIncomeFromContinuingOperations": "7071000", "comprehensiveIncomeNetOfTax": "None", "ebit": "12252000", "ebitda": "13507000", "netIncome": "7071000"}, {"fiscalDateEnding": "2024-09-30", "reportedCurrency": "USD", "grossProfit": "25535000", "totalRevenue": "228990000", "costOfRevenue": "203455000", "costofGoodsAndServicesSold": "203455000", "operatingIncome": "2079000", "sellingGeneralAndAdministrative": "13145000", "researchAndDevelopment": "None", "operatingExpenses": "23456000", "investmentIncomeNet": "None", "netInterestIncome": "-2839000", "interestIncome": "None", "interestExpense": "2839000", "nonInterestIncome": "None", "otherNonOperatingIncome": "None", "depreciation": "None", "depreciationAndAmortization": "1258000", "incomeBeforeTax": "-760000", "incomeTaxExpense": "-1157000", "interestAndDebtExpense": "None", "netIncomeFromContinuingOperations": "397000", "comprehensiveIncomeNetOfTax": "None", "ebit": "2079000", "ebitda": "3337000", "netIncome": "397000"}, {"fiscalDateEnding": "2024-06-30", "reportedCurrency": "USD", "grossProfit": "26920000", "totalRevenue": "236934000", "costOfRevenue": "210014000", "costofGoodsAndServicesSold": "210014000", "operatingIncome": "497000", "sellingGeneralAndAdministrative": "14025000", "researchAndDevelopment": "None", "operatingExpenses": "26423000", "investmentIncomeNet": "None", "netInterestIncome": "-2727000", "interestIncome": "None", "interestExpense": "2727000", "nonInterestIncome": "None", "otherNonOperatingIncome": "None", "depreciation": "None", "depreciationAndAmortization": "1425000", "incomeBeforeTax": "-2271000", "incomeTaxExpense": "-4777000", "interestAndDebtExpense": "None", "netIncomeFromContinuingOperations": "2506000", "comprehensiveIncomeNetOfTax": "None", "ebit": "456000", "ebitda": "1881000", "netIncome": "2506000"}, {"fiscalDateEnding": "2024-03-31", "reportedCurrency": "USD", "grossProfit": "26611000", "totalRevenue": "211209000", "costOfRevenue": "184598000", "costofGoodsAndServicesSold": "184598000", "operatingIncome": "1414000", "sellingGeneralAndAdministrative": "14072000", "researchAndDevelopment": "None", "operatingExpenses": "25197000", "investmentIncomeNet": "None", "netInterestIncome": "-3052000", "interestIncome": "None", "interestExpense": "3052000", "nonInterestIncome": "None", "otherNonOperatingIncome": "None", "depreciation": "None", "depreciationAndAmortization": "1402000", "incomeBeforeTax": "-3852000", "incomeTaxExpense": "-475000", "interestAndDebtExpense": "None", "netIncomeFromContinuingOperations": "-3377000", "comprehensiveIncomeNetOfTax": "None", "ebit": "-800000", "ebitda": "602000", "netIncome": "-3377000"}, {"fiscalDateEnding": "2023-12-31", "reportedCurrency": "USD", "grossProfit": "47703000", "totalRevenue": "425586000", "costOfRevenue": "377883000", "costofGoodsAndServicesSold": "377883000", "operatingIncome": "15990000", "sellingGeneralAndAdministrative": "15157000", "researchAndDevelopment": "None", "operatingExpenses": "31713000", "investmentIncomeNet": "None", "netInterestIncome": "-3328000", "interestIncome": "None", "interestExpense": "3328000", "nonInterestIncome": "None", "otherNonOperatingIncome": "None", "depreciation": "None", "depreciationAndAmortization": "1413000", "incomeBeforeTax": "12703000", "incomeTaxExpense": "3789000", "interestAndDebtExpense": "None", "netIncomeFromContinuingOperations": "8914000", "comprehensiveIncomeNetOfTax": "None", "ebit": "16031000", "ebitda": "17444000", "netIncome": "8914000"}, {"fiscalDateEnding": "2023-09-30", "reportedCurrency": "USD", "grossProfit": "26254000", "totalRevenue": "226755000", "costOfRevenue": "200501000", "costofGoodsAndServicesSold": "200501000", "operatingIncome": "-1587000", "sellingGeneralAndAdministrative": "14439000", "researchAndDevelopment": "None", "operatingExpenses": "27841000", "investmentIncomeNet": "None", "netInterestIncome": "-3140000", "interestIncome": "None", "interestExpense": "3140000", "nonInterestIncome": "None", "otherNonOperatingIncome": "None", "depreciation": "None", "depreciationAndAmortization": "1641000", "incomeBeforeTax": "-4727000", "incomeTaxExpense": "-1265000", "interestAndDebtExpense": "None", "netIncomeFromContinuingOperations": "-3462000", "comprehensiveIncomeNetOfTax": "None", "ebit": "-1587000", "ebitda": "54000", "netIncome": "-3462000"}, {"fiscalDateEnding": "2023-06-30", "reportedCurrency": "USD", "grossProfit": "30241000", "totalRevenue": "247132000", "costOfRevenue": "216891000", "costofGoodsAndServicesSold": "216891000", "operatingIncome": "303000", "sellingGeneralAndAdministrative": "6601000", "researchAndDevelopment": "None", "operatingExpenses": "29938000", "investmentIncomeNet": "None", "netInterestIncome": "-2610000", "interestIncome": "None", "interestExpense": "2610000", "nonInterestIncome": "None", "otherNonOperatingIncome": "None", "depreciation": "None", "depreciationAndAmortization": "1784000", "incomeBeforeTax": "-2308000", "incomeTaxExpense": "2322000", "interestAndDebtExpense": "None", "netIncomeFromContinuingOperations": "-4630000", "comprehensiveIncomeNetOfTax": "None", "ebit": "1268000", "ebitda": "3052000", "netIncome": "-4630000"}, {"fiscalDateEnding": "2023-03-31", "reportedCurrency": "USD", "grossProfit": "27326000", "totalRevenue": "227728000", "costOfRevenue": "200402000", "costofGoodsAndServicesSold": "200402000", "operatingIncome": "-7407000", "sellingGeneralAndAdministrative": "14783000", "researchAndDevelopment": "None", "operatingExpenses": "34733000", "investmentIncomeNet": "None", "netInterestIncome": "-3207000", "interestIncome": "None", "interestExpense": "3207000", "nonInterestIncome": "None", "otherNonOperatingIncome": "None", "depreciation": "None", "depreciationAndAmortization": "1679000", "incomeBeforeTax": "-10614000", "incomeTaxExpense": "-2864000", "interestAndDebtExpense": "None", "netIncomeFromContinuingOperations": "-7750000", "comprehensiveIncomeNetOfTax": "None", "ebit": "-7407000", "ebitda": "-5728000", "netIncome": "-7750000"}, {"fiscalDateEnding": "2022-12-31", "reportedCurrency": "USD", "grossProfit": "20897000", "totalRevenue": "445162000", "costOfRevenue": "424265000", "costofGoodsAndServicesSold": "424265000", "operatingIncome": "-17849000", "sellingGeneralAndAdministrative": "15044000", "researchAndDevelopment": "None", "operatingExpenses": "38746000", "investmentIncomeNet": "None", "netInterestIncome": "-3544000", "interestIncome": "None", "interestExpense": "3544000", "nonInterestIncome": "None", "otherNonOperatingIncome": "None", "depreciation": "None", "depreciationAndAmortization": "1530000", "incomeBeforeTax": "-21393000", "incomeTaxExpense": "-5878000", "interestAndDebtExpense": "None", "netIncomeFromContinuingOperations": "-15515000", "comprehensiveIncomeNetOfTax": "None", "ebit": "-16041000", "ebitda": "-14511000", "netIncome": "-15515000"}, {"fiscalDateEnding": "2022-09-30", "reportedCurrency": "USD", "grossProfit": "25468000", "totalRevenue": "238701000", "costOfRevenue": "213233000", "costofGoodsAndServicesSold": "213233000", "operatingIncome": "-7793000", "sellingGeneralAndAdministrative": "14731000", "researchAndDevelopment": "None", "operatingExpenses": "33261000", "investmentIncomeNet": "None", "netInterestIncome": "-2354000", "interestIncome": "None", "interestExpense": "3544000", "nonInterestIncome": "None", "otherNonOperatingIncome": "None", "depreciation": "None", "depreciationAndAmortization": "1636000", "incomeBeforeTax": "-10147000", "incomeTaxExpense": "-2638000", "interestAndDebtExpense": "None", "netIncomeFromContinuingOperations": "-7509000", "comprehensiveIncomeNetOfTax": "None", "ebit": "-5764000", "ebitda": "-4128000", "netIncome": "-7509000"}, {"fiscalDateEnding": "2022-06-30", "reportedCurrency": "USD", "grossProfit": "28488000", "totalRevenue": "265178999", "costOfRevenue": "236691000", "costofGoodsAndServicesSold": "236691000", "operatingIncome": "-4379000", "sellingGeneralAndAdministrative": "7246000", "researchAndDevelopment": "None", "operatingExpenses": "32866999", "investmentIncomeNet": "None", "netInterestIncome": "-1316000", "interestIncome": "None", "interestExpense": "1316000", "nonInterestIncome": "None", "otherNonOperatingIncome": "None", "depreciation": "None", "depreciationAndAmortization": "1949000", "incomeBeforeTax": "-5695000", "incomeTaxExpense": "-1074000", "interestAndDebtExpense": "None", "netIncomeFromContinuingOperations": "-4621000", "comprehensiveIncomeNetOfTax": "None", "ebit": "-2486000", "ebitda": "-537000", "netIncome": "-4621000"}, {"fiscalDateEnding": "2022-03-31", "reportedCurrency": "None", "grossProfit": "40138000", "totalRevenue": "320412000", "costOfRevenue": "280274000", "costofGoodsAndServicesSold": "280274000", "operatingIncome": "5890000", "sellingGeneralAndAdministrative": "14754000", "researchAndDevelopment": "None", "operatingExpenses": "34248000", "investmentIncomeNet": "None", "netInterestIncome": "None", "interestIncome": "None", "interestExpense": "1004000", "nonInterestIncome": "None", "otherNonOperatingIncome": "None", "depreciation": "None", "depreciationAndAmortization": "1937000", "incomeBeforeTax": "4887000", "incomeTaxExpense": "1173000", "interestAndDebtExpense": "None", "netIncomeFromContinuingOperations": "None", "comprehensiveIncomeNetOfTax": "None", "ebit": "7672000", "ebitda": "9609000", "netIncome": "3714000"}, {"fiscalDateEnding": "2021-12-31", "reportedCurrency": "None", "grossProfit": "73038000", "totalRevenue": "538445000", "costOfRevenue": "465407000", "costofGoodsAndServicesSold": "465407000", "operatingIncome": "32395000", "sellingGeneralAndAdministrative": "15831000", "researchAndDevelopment": "None", "operatingExpenses": "40643000", "investmentIncomeNet": "None", "netInterestIncome": "None", "interestIncome": "None", "interestExpense": "None", "nonInterestIncome": "None", "otherNonOperatingIncome": "None", "depreciation": "None", "depreciationAndAmortization": "2064000", "incomeBeforeTax": "31387000", "incomeTaxExpense": "7533000", "interestAndDebtExpense": "None", "netIncomeFromContinuingOperations": "None", "comprehensiveIncomeNetOfTax": "None", "ebit": "35196000", "ebitda": "37260000", "netIncome": "23854000"}, {"fiscalDateEnding": "2021-09-30", "reportedCurrency": "None", "grossProfit": "40719000", "totalRevenue": "293202000", "costOfRevenue": "252483000", "costofGoodsAndServicesSold": "252483000", "operatingIncome": "8192000", "sellingGeneralAndAdministrative": "13778000", "researchAndDevelopment": "None", "operatingExpenses": "32527000", "investmentIncomeNet": "None", "netInterestIncome": "None", "interestIncome": "None", "interestExpense": "None", "nonInterestIncome": "None", "otherNonOperatingIncome": "None", "depreciation": "None", "depreciationAndAmortization": "2309000", "incomeBeforeTax": "7464000", "incomeTaxExpense": "1791000", "interestAndDebtExpense": "None", "netIncomeFromContinuingOperations": "None", "comprehensiveIncomeNetOfTax": "None", "ebit": "11372000", "ebitda": "13681000", "netIncome": "5673000"}, {"fiscalDateEnding": "2021-06-30", "reportedCurrency": "None", "grossProfit": "44843000", "totalRevenue": "312968000", "costOfRevenue": "268125000", "costofGoodsAndServicesSold": "268125000", "operatingIncome": "11567000", "sellingGeneralAndAdministrative": "14928000", "researchAndDevelopment": "None", "operatingExpenses": "33276000", "investmentIncomeNet": "None", "netInterestIncome": "None", "interestIncome": "None", "interestExpense": "None", "nonInterestIncome": "None", "otherNonOperatingIncome": "None", "depreciation": "None", "depreciationAndAmortization": "2925000", "incomeBeforeTax": "10936000", "incomeTaxExpense": "2623000", "interestAndDebtExpense": "None", "netIncomeFromContinuingOperations": "None", "comprehensiveIncomeNetOfTax": "None", "ebit": "13010000", "ebitda": "15935000", "netIncome": "8313000"}, {"fiscalDateEnding": "2021-03-31", "reportedCurrency": "None", "grossProfit": "None", "totalRevenue": "None", "costOfRevenue": "None", "costofGoodsAndServicesSold": "None", "operatingIncome": "-168000", "sellingGeneralAndAdministrative": "None", "researchAndDevelopment": "None", "operatingExpenses": "168003", "investmentIncomeNet": "None", "netInterestIncome": "None", "interestIncome": "None", "interestExpense": "None", "nonInterestIncome": "None", "otherNonOperatingIncome": "None", "depreciation": "None", "depreciationAndAmortization": "None", "incomeBeforeTax": "3853881", "incomeTaxExpense": "None", "interestAndDebtExpense": "None", "netIncomeFromContinuingOperations": "None", "comprehensiveIncomeNetOfTax": "None", "ebit": "None", "ebitda": "-168000", "netIncome": "3853881"}, {"fiscalDateEnding": "2020-09-30", "reportedCurrency": "None", "grossProfit": "None", "totalRevenue": "None", "costOfRevenue": "None", "costofGoodsAndServicesSold": "None", "operatingIncome": "-835", "sellingGeneralAndAdministrative": "None", "researchAndDevelopment": "None", "operatingExpenses": "835", "investmentIncomeNet": "None", "netInterestIncome": "None", "interestIncome": "None", "interestExpense": "None", "nonInterestIncome": "None", "otherNonOperatingIncome": "None", "depreciation": "None", "depreciationAndAmortization": "None", "incomeBeforeTax": "-835", "incomeTaxExpense": "None", "interestAndDebtExpense": "None", "netIncomeFromContinuingOperations": "None", "comprehensiveIncomeNetOfTax": "None", "ebit": "None", "ebitda": "-835", "netIncome": "-835"}]}