{"symbol": "ADSEW", "annualReports": [{"fiscalDateEnding": "2024-12-31", "reportedCurrency": "EUR", "grossProfit": "19427000", "totalRevenue": "110013000", "costOfRevenue": "90586000", "costofGoodsAndServicesSold": "90586000", "operatingIncome": "-8609000", "sellingGeneralAndAdministrative": "29695000", "researchAndDevelopment": "8971000", "operatingExpenses": "28036000", "investmentIncomeNet": "None", "netInterestIncome": "-78474000", "interestIncome": "24000", "interestExpense": "16328000", "nonInterestIncome": "None", "otherNonOperatingIncome": "None", "depreciation": "None", "depreciationAndAmortization": "6699000", "incomeBeforeTax": "-97467000", "incomeTaxExpense": "491000", "interestAndDebtExpense": "None", "netIncomeFromContinuingOperations": "-97958000", "comprehensiveIncomeNetOfTax": "None", "ebit": "-81139000", "ebitda": "-74440000", "netIncome": "-97958000"}, {"fiscalDateEnding": "2023-12-31", "reportedCurrency": "EUR", "grossProfit": "-2887000", "totalRevenue": "107383000", "costOfRevenue": "110270000", "costofGoodsAndServicesSold": "110270000", "operatingIncome": "-44525000", "sellingGeneralAndAdministrative": "25747000", "researchAndDevelopment": "2832000", "operatingExpenses": "41638000", "investmentIncomeNet": "None", "netInterestIncome": "-13700000", "interestIncome": "187000", "interestExpense": "3028000", "nonInterestIncome": "None", "otherNonOperatingIncome": "None", "depreciation": "None", "depreciationAndAmortization": "4850000", "incomeBeforeTax": "-58222000", "incomeTaxExpense": "-3141000", "interestAndDebtExpense": "None", "netIncomeFromContinuingOperations": "-55081000", "comprehensiveIncomeNetOfTax": "None", "ebit": "-55193000", "ebitda": "-50343000", "netIncome": "-55081000"}, {"fiscalDateEnding": "2022-12-31", "reportedCurrency": "EUR", "grossProfit": "-4474000", "totalRevenue": "26430000", "costOfRevenue": "30904000", "costofGoodsAndServicesSold": "30904000", "operatingIncome": "-36423000", "sellingGeneralAndAdministrative": "28763000", "researchAndDevelopment": "1701000", "operatingExpenses": "31949000", "investmentIncomeNet": "None", "netInterestIncome": "10161000", "interestIncome": "259000", "interestExpense": "448766", "nonInterestIncome": "None", "otherNonOperatingIncome": "None", "depreciation": "None", "depreciationAndAmortization": "4336000", "incomeBeforeTax": "-16335000", "incomeTaxExpense": "2572000", "interestAndDebtExpense": "None", "netIncomeFromContinuingOperations": "-18906000", "comprehensiveIncomeNetOfTax": "None", "ebit": "-36432000", "ebitda": "-32096000", "netIncome": "-18907000"}, {"fiscalDateEnding": "2021-12-31", "reportedCurrency": "EUR", "grossProfit": "-2275000", "totalRevenue": "33035000", "costOfRevenue": "35310000", "costofGoodsAndServicesSold": "35310000", "operatingIncome": "-18643000", "sellingGeneralAndAdministrative": "78456000", "researchAndDevelopment": "2012000", "operatingExpenses": "16369000", "investmentIncomeNet": "None", "netInterestIncome": "-2523000", "interestIncome": "47000", "interestExpense": "2570000", "nonInterestIncome": "None", "otherNonOperatingIncome": "None", "depreciation": "None", "depreciationAndAmortization": "3485000", "incomeBeforeTax": "-87227000", "incomeTaxExpense": "413000", "interestAndDebtExpense": "None", "netIncomeFromContinuingOperations": "-87640000", "comprehensiveIncomeNetOfTax": "None", "ebit": "-21191000", "ebitda": "-17706000", "netIncome": "-87640000"}, {"fiscalDateEnding": "2020-12-31", "reportedCurrency": "EUR", "grossProfit": "1822000", "totalRevenue": "47370000", "costOfRevenue": "45548000", "costofGoodsAndServicesSold": "45548000", "operatingIncome": "-8190000", "sellingGeneralAndAdministrative": "7675000", "researchAndDevelopment": "749000", "operatingExpenses": "10011000", "investmentIncomeNet": "None", "netInterestIncome": "-2134000", "interestIncome": "0", "interestExpense": "2134000", "nonInterestIncome": "None", "otherNonOperatingIncome": "None", "depreciation": "None", "depreciationAndAmortization": "1641000", "incomeBeforeTax": "-10325000", "incomeTaxExpense": "-45000", "interestAndDebtExpense": "None", "netIncomeFromContinuingOperations": "-10280000", "comprehensiveIncomeNetOfTax": "None", "ebit": "-8191000", "ebitda": "-6550000", "netIncome": "-10280000"}, {"fiscalDateEnding": "2019-12-31", "reportedCurrency": "EUR", "grossProfit": "-3132000", "totalRevenue": "19087000", "costOfRevenue": "22219000", "costofGoodsAndServicesSold": "22219000", "operatingIncome": "-9676000", "sellingGeneralAndAdministrative": "6424000", "researchAndDevelopment": "473000", "operatingExpenses": "6546000", "investmentIncomeNet": "None", "netInterestIncome": "-885000", "interestIncome": "1000", "interestExpense": "886000", "nonInterestIncome": "None", "otherNonOperatingIncome": "None", "depreciation": "None", "depreciationAndAmortization": "573000", "incomeBeforeTax": "-10559000", "incomeTaxExpense": "1490000", "interestAndDebtExpense": "None", "netIncomeFromContinuingOperations": "-12050000", "comprehensiveIncomeNetOfTax": "None", "ebit": "-9673000", "ebitda": "-9100000", "netIncome": "-12049000"}], "quarterlyReports": [{"fiscalDateEnding": "2025-06-30", "reportedCurrency": "None", "grossProfit": "-6663000", "totalRevenue": "14614000", "costOfRevenue": "21277000", "costofGoodsAndServicesSold": "21277000", "operatingIncome": "-30015000", "sellingGeneralAndAdministrative": "None", "researchAndDevelopment": "4472000", "operatingExpenses": "23352000", "investmentIncomeNet": "None", "netInterestIncome": "None", "interestIncome": "None", "interestExpense": "None", "nonInterestIncome": "None", "otherNonOperatingIncome": "None", "depreciation": "None", "depreciationAndAmortization": "3426000", "incomeBeforeTax": "-14886000", "incomeTaxExpense": "120000", "interestAndDebtExpense": "None", "netIncomeFromContinuingOperations": "None", "comprehensiveIncomeNetOfTax": "None", "ebit": "-30016000", "ebitda": "-26590000", "netIncome": "-14766000"}, {"fiscalDateEnding": "2025-03-31", "reportedCurrency": "None", "grossProfit": "3755000", "totalRevenue": "30750000", "costOfRevenue": "26995000", "costofGoodsAndServicesSold": "26995000", "operatingIncome": "-3649000", "sellingGeneralAndAdministrative": "14527000", "researchAndDevelopment": "4869000", "operatingExpenses": "7404000", "investmentIncomeNet": "None", "netInterestIncome": "None", "interestIncome": "None", "interestExpense": "None", "nonInterestIncome": "None", "otherNonOperatingIncome": "None", "depreciation": "None", "depreciationAndAmortization": "1929000", "incomeBeforeTax": "-53094000", "incomeTaxExpense": "-295000", "interestAndDebtExpense": "None", "netIncomeFromContinuingOperations": "None", "comprehensiveIncomeNetOfTax": "None", "ebit": "-3540000", "ebitda": "-1611000", "netIncome": "-52799000"}, {"fiscalDateEnding": "2024-06-30", "reportedCurrency": "None", "grossProfit": "15673000", "totalRevenue": "79263000", "costOfRevenue": "63590000", "costofGoodsAndServicesSold": "63590000", "operatingIncome": "-4960000", "sellingGeneralAndAdministrative": "15168000", "researchAndDevelopment": "4102000", "operatingExpenses": "20633000", "investmentIncomeNet": "None", "netInterestIncome": "None", "interestIncome": "None", "interestExpense": "39413000", "nonInterestIncome": "None", "otherNonOperatingIncome": "None", "depreciation": "None", "depreciationAndAmortization": "3561000", "incomeBeforeTax": "-44373000", "incomeTaxExpense": "786000", "interestAndDebtExpense": "None", "netIncomeFromContinuingOperations": "None", "comprehensiveIncomeNetOfTax": "None", "ebit": "-4960000", "ebitda": "-1399000", "netIncome": "-45159000"}, {"fiscalDateEnding": "2024-03-31", "reportedCurrency": "None", "grossProfit": "-2355000", "totalRevenue": "69108000", "costOfRevenue": "71463000", "costofGoodsAndServicesSold": "71463000", "operatingIncome": "-25632515", "sellingGeneralAndAdministrative": "9285000", "researchAndDevelopment": "4491000", "operatingExpenses": "22178000", "investmentIncomeNet": "None", "netInterestIncome": "None", "interestIncome": "None", "interestExpense": "7806203", "nonInterestIncome": "None", "otherNonOperatingIncome": "None", "depreciation": "None", "depreciationAndAmortization": "1876500", "incomeBeforeTax": "-27716625", "incomeTaxExpense": "-1160608", "interestAndDebtExpense": "None", "netIncomeFromContinuingOperations": "None", "comprehensiveIncomeNetOfTax": "None", "ebit": "-23592000", "ebitda": "-21715500", "netIncome": "-26288000"}, {"fiscalDateEnding": "2023-09-30", "reportedCurrency": "None", "grossProfit": "-1177500", "totalRevenue": "34554000", "costOfRevenue": "35731500", "costofGoodsAndServicesSold": "35731500", "operatingIncome": "-11796000", "sellingGeneralAndAdministrative": "4642500", "researchAndDevelopment": "2245500", "operatingExpenses": "16517000", "investmentIncomeNet": "None", "netInterestIncome": "None", "interestIncome": "None", "interestExpense": "None", "nonInterestIncome": "None", "otherNonOperatingIncome": "None", "depreciation": "None", "depreciationAndAmortization": "872500", "incomeBeforeTax": "-13715000", "incomeTaxExpense": "571000", "interestAndDebtExpense": "None", "netIncomeFromContinuingOperations": "None", "comprehensiveIncomeNetOfTax": "None", "ebit": "-11796000", "ebitda": "-10923500", "netIncome": "-13144000"}, {"fiscalDateEnding": "2023-06-30", "reportedCurrency": "None", "grossProfit": "-526057", "totalRevenue": "37919711", "costOfRevenue": "38445768", "costofGoodsAndServicesSold": "38445768", "operatingIncome": "-18892485", "sellingGeneralAndAdministrative": "None", "researchAndDevelopment": "1643557", "operatingExpenses": "18366431", "investmentIncomeNet": "None", "netInterestIncome": "None", "interestIncome": "None", "interestExpense": "10834203", "nonInterestIncome": "None", "otherNonOperatingIncome": "None", "depreciation": "None", "depreciationAndAmortization": "872500", "incomeBeforeTax": "-30505375", "incomeTaxExpense": "-1980392", "interestAndDebtExpense": "None", "netIncomeFromContinuingOperations": "None", "comprehensiveIncomeNetOfTax": "None", "ebit": "-19671171", "ebitda": "-18798671", "netIncome": "-28524983"}, {"fiscalDateEnding": "2023-03-31", "reportedCurrency": "None", "grossProfit": "-235737", "totalRevenue": "16093520", "costOfRevenue": "16329257", "costofGoodsAndServicesSold": "16329257", "operatingIncome": "-17644270", "sellingGeneralAndAdministrative": "16278682", "researchAndDevelopment": "535851", "operatingExpenses": "17408533", "investmentIncomeNet": "None", "netInterestIncome": "None", "interestIncome": "None", "interestExpense": "251831", "nonInterestIncome": "None", "otherNonOperatingIncome": "None", "depreciation": "None", "depreciationAndAmortization": "2202101", "incomeBeforeTax": "-8702373", "incomeTaxExpense": "2276893", "interestAndDebtExpense": "None", "netIncomeFromContinuingOperations": "None", "comprehensiveIncomeNetOfTax": "None", "ebit": "-9774939", "ebitda": "-7572838", "netIncome": "-10979267"}, {"fiscalDateEnding": "2022-06-30", "reportedCurrency": "None", "grossProfit": "-5257149", "totalRevenue": "9829535", "costOfRevenue": "15086684", "costofGoodsAndServicesSold": "15086684", "operatingIncome": "-19891498", "sellingGeneralAndAdministrative": "13278826", "researchAndDevelopment": "987018", "operatingExpenses": "14634344", "investmentIncomeNet": "None", "netInterestIncome": "None", "interestIncome": "None", "interestExpense": "None", "nonInterestIncome": "None", "otherNonOperatingIncome": "None", "depreciation": "None", "depreciationAndAmortization": "2094938", "incomeBeforeTax": "-7445891", "incomeTaxExpense": "171972", "interestAndDebtExpense": "None", "netIncomeFromContinuingOperations": "None", "comprehensiveIncomeNetOfTax": "None", "ebit": "-19891493", "ebitda": "-17796555", "netIncome": "-7617863"}, {"fiscalDateEnding": "2022-03-31", "reportedCurrency": "USD", "grossProfit": "-568750", "totalRevenue": "8258750", "costOfRevenue": "8827500", "costofGoodsAndServicesSold": "8827500", "operatingIncome": "-21164250", "sellingGeneralAndAdministrative": "19733000", "researchAndDevelopment": "503000", "operatingExpenses": "-20595500", "investmentIncomeNet": "None", "netInterestIncome": "None", "interestIncome": "None", "interestExpense": "642500", "nonInterestIncome": "None", "otherNonOperatingIncome": "None", "depreciation": "None", "depreciationAndAmortization": "56750", "incomeBeforeTax": "-21806750", "incomeTaxExpense": "103250", "interestAndDebtExpense": "None", "netIncomeFromContinuingOperations": "None", "comprehensiveIncomeNetOfTax": "None", "ebit": "-21164250", "ebitda": "-21107500", "netIncome": "-21910000"}, {"fiscalDateEnding": "2021-09-30", "reportedCurrency": "USD", "grossProfit": "-3789000", "totalRevenue": "12088000", "costOfRevenue": "15877000", "costofGoodsAndServicesSold": "15877000", "operatingIncome": "-17168000", "sellingGeneralAndAdministrative": "39466000", "researchAndDevelopment": "7619000", "operatingExpenses": "76844000", "investmentIncomeNet": "None", "netInterestIncome": "None", "interestIncome": "None", "interestExpense": "1285000", "nonInterestIncome": "None", "otherNonOperatingIncome": "None", "depreciation": "None", "depreciationAndAmortization": "2457000", "incomeBeforeTax": "-82050000", "incomeTaxExpense": "413000", "interestAndDebtExpense": "None", "netIncomeFromContinuingOperations": "None", "comprehensiveIncomeNetOfTax": "None", "ebit": "-17168000", "ebitda": "-14711000", "netIncome": "-82463000"}, {"fiscalDateEnding": "2021-06-30", "reportedCurrency": "USD", "grossProfit": "1514000", "totalRevenue": "20947000", "costOfRevenue": "19433000", "costofGoodsAndServicesSold": "19433000", "operatingIncome": "-4070000", "sellingGeneralAndAdministrative": "39466000", "researchAndDevelopment": "1583000", "operatingExpenses": "5582998", "investmentIncomeNet": "None", "netInterestIncome": "None", "interestIncome": "None", "interestExpense": "1285000", "nonInterestIncome": "None", "otherNonOperatingIncome": "None", "depreciation": "None", "depreciationAndAmortization": "1681000", "incomeBeforeTax": "-5177000", "incomeTaxExpense": "206500", "interestAndDebtExpense": "None", "netIncomeFromContinuingOperations": "None", "comprehensiveIncomeNetOfTax": "None", "ebit": "-3892000", "ebitda": "-2211000", "netIncome": "-5177000"}, {"fiscalDateEnding": "2021-03-31", "reportedCurrency": "USD", "grossProfit": "-568750", "totalRevenue": "8258750", "costOfRevenue": "8827500", "costofGoodsAndServicesSold": "8827500", "operatingIncome": "-21164250", "sellingGeneralAndAdministrative": "19733000", "researchAndDevelopment": "503000", "operatingExpenses": "-20595500", "investmentIncomeNet": "None", "netInterestIncome": "None", "interestIncome": "None", "interestExpense": "642500", "nonInterestIncome": "None", "otherNonOperatingIncome": "None", "depreciation": "None", "depreciationAndAmortization": "56750", "incomeBeforeTax": "-21806750", "incomeTaxExpense": "103250", "interestAndDebtExpense": "None", "netIncomeFromContinuingOperations": "None", "comprehensiveIncomeNetOfTax": "None", "ebit": "-21164250", "ebitda": "-21107500", "netIncome": "-21910000"}, {"fiscalDateEnding": "2020-12-31", "reportedCurrency": "USD", "grossProfit": "9668000", "totalRevenue": "45154000", "costOfRevenue": "35486000", "costofGoodsAndServicesSold": "35486000", "operatingIncome": "4053000", "sellingGeneralAndAdministrative": "3837500", "researchAndDevelopment": "291000", "operatingExpenses": "5678998", "investmentIncomeNet": "None", "netInterestIncome": "None", "interestIncome": "None", "interestExpense": "1067000", "nonInterestIncome": "None", "otherNonOperatingIncome": "None", "depreciation": "None", "depreciationAndAmortization": "212000", "incomeBeforeTax": "2253000", "incomeTaxExpense": "-100000", "interestAndDebtExpense": "None", "netIncomeFromContinuingOperations": "None", "comprehensiveIncomeNetOfTax": "None", "ebit": "3320000", "ebitda": "3532000", "netIncome": "2353000"}, {"fiscalDateEnding": "2020-09-30", "reportedCurrency": "USD", "grossProfit": "455500", "totalRevenue": "11842500", "costOfRevenue": "11387000", "costofGoodsAndServicesSold": "11387000", "operatingIncome": "-2047250", "sellingGeneralAndAdministrative": "1918750", "researchAndDevelopment": "187250", "operatingExpenses": "-2502750", "investmentIncomeNet": "None", "netInterestIncome": "None", "interestIncome": "None", "interestExpense": "533500", "nonInterestIncome": "None", "otherNonOperatingIncome": "None", "depreciation": "None", "depreciationAndAmortization": "-500", "incomeBeforeTax": "-2581250", "incomeTaxExpense": "-11250", "interestAndDebtExpense": "None", "netIncomeFromContinuingOperations": "None", "comprehensiveIncomeNetOfTax": "None", "ebit": "-2047250", "ebitda": "-2047750", "netIncome": "-2570000"}, {"fiscalDateEnding": "2020-06-30", "reportedCurrency": "USD", "grossProfit": "-7846000", "totalRevenue": "2216000", "costOfRevenue": "10062000", "costofGoodsAndServicesSold": "10062000", "operatingIncome": "-12233000", "sellingGeneralAndAdministrative": "3837500", "researchAndDevelopment": "458000", "operatingExpenses": "4334000", "investmentIncomeNet": "None", "netInterestIncome": "None", "interestIncome": "None", "interestExpense": "1067000", "nonInterestIncome": "None", "otherNonOperatingIncome": "None", "depreciation": "None", "depreciationAndAmortization": "338000", "incomeBeforeTax": "-12578000", "incomeTaxExpense": "55000", "interestAndDebtExpense": "None", "netIncomeFromContinuingOperations": "None", "comprehensiveIncomeNetOfTax": "None", "ebit": "-11511000", "ebitda": "-11173000", "netIncome": "-12633000"}, {"fiscalDateEnding": "2020-03-31", "reportedCurrency": "USD", "grossProfit": "455500", "totalRevenue": "11842500", "costOfRevenue": "11387000", "costofGoodsAndServicesSold": "11387000", "operatingIncome": "-2047250", "sellingGeneralAndAdministrative": "1918750", "researchAndDevelopment": "187250", "operatingExpenses": "-2502750", "investmentIncomeNet": "None", "netInterestIncome": "None", "interestIncome": "None", "interestExpense": "533500", "nonInterestIncome": "None", "otherNonOperatingIncome": "None", "depreciation": "None", "depreciationAndAmortization": "-500", "incomeBeforeTax": "-2581250", "incomeTaxExpense": "-11250", "interestAndDebtExpense": "None", "netIncomeFromContinuingOperations": "None", "comprehensiveIncomeNetOfTax": "None", "ebit": "-2047250", "ebitda": "-2047750", "netIncome": "-2570000"}, {"fiscalDateEnding": "2019-12-31", "reportedCurrency": "USD", "grossProfit": "-1566000", "totalRevenue": "9543500", "costOfRevenue": "11109500", "costofGoodsAndServicesSold": "11109500", "operatingIncome": "-4837000", "sellingGeneralAndAdministrative": "3361000", "researchAndDevelopment": "236500", "operatingExpenses": "-3271000", "investmentIncomeNet": "None", "netInterestIncome": "None", "interestIncome": "None", "interestExpense": "443000", "nonInterestIncome": "None", "otherNonOperatingIncome": "None", "depreciation": "None", "depreciationAndAmortization": "16000", "incomeBeforeTax": "-5279500", "incomeTaxExpense": "745000", "interestAndDebtExpense": "None", "netIncomeFromContinuingOperations": "None", "comprehensiveIncomeNetOfTax": "None", "ebit": "-4837000", "ebitda": "-4821000", "netIncome": "-6024500"}, {"fiscalDateEnding": "2019-09-30", "reportedCurrency": "USD", "grossProfit": "-783000", "totalRevenue": "4771750", "costOfRevenue": "5554750", "costofGoodsAndServicesSold": "5554750", "operatingIncome": "-2418500", "sellingGeneralAndAdministrative": "1680500", "researchAndDevelopment": "118250", "operatingExpenses": "-1635500", "investmentIncomeNet": "None", "netInterestIncome": "None", "interestIncome": "None", "interestExpense": "221500", "nonInterestIncome": "None", "otherNonOperatingIncome": "None", "depreciation": "None", "depreciationAndAmortization": "8000", "incomeBeforeTax": "-2639750", "incomeTaxExpense": "372500", "interestAndDebtExpense": "None", "netIncomeFromContinuingOperations": "None", "comprehensiveIncomeNetOfTax": "None", "ebit": "-2418500", "ebitda": "-2410500", "netIncome": "-3012250"}, {"fiscalDateEnding": "2019-06-30", "reportedCurrency": "USD", "grossProfit": "-1566000", "totalRevenue": "9543500", "costOfRevenue": "11109500", "costofGoodsAndServicesSold": "11109500", "operatingIncome": "-4837000", "sellingGeneralAndAdministrative": "3361000", "researchAndDevelopment": "236500", "operatingExpenses": "-3271000", "investmentIncomeNet": "None", "netInterestIncome": "None", "interestIncome": "None", "interestExpense": "443000", "nonInterestIncome": "None", "otherNonOperatingIncome": "None", "depreciation": "None", "depreciationAndAmortization": "16000", "incomeBeforeTax": "-5279500", "incomeTaxExpense": "745000", "interestAndDebtExpense": "None", "netIncomeFromContinuingOperations": "None", "comprehensiveIncomeNetOfTax": "None", "ebit": "-4837000", "ebitda": "-4821000", "netIncome": "-6024500"}, {"fiscalDateEnding": "2019-03-31", "reportedCurrency": "USD", "grossProfit": "-783000", "totalRevenue": "4771750", "costOfRevenue": "5554750", "costofGoodsAndServicesSold": "5554750", "operatingIncome": "-2418500", "sellingGeneralAndAdministrative": "1680500", "researchAndDevelopment": "118250", "operatingExpenses": "-1635500", "investmentIncomeNet": "None", "netInterestIncome": "None", "interestIncome": "None", "interestExpense": "221500", "nonInterestIncome": "None", "otherNonOperatingIncome": "None", "depreciation": "None", "depreciationAndAmortization": "8000", "incomeBeforeTax": "-2639750", "incomeTaxExpense": "372500", "interestAndDebtExpense": "None", "netIncomeFromContinuingOperations": "None", "comprehensiveIncomeNetOfTax": "None", "ebit": "-2418500", "ebitda": "-2410500", "netIncome": "-3012250"}]}