{"symbol": "ASPSZ", "annualReports": [{"fiscalDateEnding": "2024-12-31", "reportedCurrency": "USD", "grossProfit": "49529000", "totalRevenue": "160134000", "costOfRevenue": "110605000", "costofGoodsAndServicesSold": "110605000", "operatingIncome": "3909000", "sellingGeneralAndAdministrative": "40145000", "researchAndDevelopment": "None", "operatingExpenses": "156225000", "investmentIncomeNet": "None", "netInterestIncome": "-37848000", "interestIncome": "1029000", "interestExpense": "38877000", "nonInterestIncome": "None", "otherNonOperatingIncome": "None", "depreciation": "None", "depreciationAndAmortization": "None", "incomeBeforeTax": "-32867000", "incomeTaxExpense": "None", "interestAndDebtExpense": "None", "netIncomeFromContinuingOperations": "-35448000", "comprehensiveIncomeNetOfTax": "None", "ebit": "None", "ebitda": "None", "netIncome": "-35636000"}, {"fiscalDateEnding": "2023-12-31", "reportedCurrency": "USD", "grossProfit": "29652000", "totalRevenue": "145066000", "costOfRevenue": "115414000", "costofGoodsAndServicesSold": "115414000", "operatingIncome": "-16768000", "sellingGeneralAndAdministrative": "40537000", "researchAndDevelopment": "None", "operatingExpenses": "161834000", "investmentIncomeNet": "None", "netInterestIncome": "-34789000", "interestIncome": "1314000", "interestExpense": "36103000", "nonInterestIncome": "None", "otherNonOperatingIncome": "None", "depreciation": "None", "depreciationAndAmortization": "None", "incomeBeforeTax": "-52348000", "incomeTaxExpense": "None", "interestAndDebtExpense": "None", "netIncomeFromContinuingOperations": "-56062000", "comprehensiveIncomeNetOfTax": "None", "ebit": "None", "ebitda": "None", "netIncome": "-56290000"}, {"fiscalDateEnding": "2022-12-31", "reportedCurrency": "USD", "grossProfit": "21815000", "totalRevenue": "153120000", "costOfRevenue": "131305000", "costofGoodsAndServicesSold": "131305000", "operatingIncome": "-32940000", "sellingGeneralAndAdministrative": "48472000", "researchAndDevelopment": "None", "operatingExpenses": "186060000", "investmentIncomeNet": "None", "netInterestIncome": "-15974000", "interestIncome": "665000", "interestExpense": "16639000", "nonInterestIncome": "None", "otherNonOperatingIncome": "None", "depreciation": "None", "depreciationAndAmortization": "None", "incomeBeforeTax": "-47567000", "incomeTaxExpense": "None", "interestAndDebtExpense": "None", "netIncomeFromContinuingOperations": "-52833000", "comprehensiveIncomeNetOfTax": "None", "ebit": "None", "ebitda": "None", "netIncome": "-53418000"}, {"fiscalDateEnding": "2021-12-31", "reportedCurrency": "USD", "grossProfit": "7087000", "totalRevenue": "178453000", "costOfRevenue": "171366000", "costofGoodsAndServicesSold": "171366000", "operatingIncome": "-59962000", "sellingGeneralAndAdministrative": "56152000", "researchAndDevelopment": "None", "operatingExpenses": "238415000", "investmentIncomeNet": "None", "netInterestIncome": "-14543000", "interestIncome": "4000", "interestExpense": "14547000", "nonInterestIncome": "None", "otherNonOperatingIncome": "None", "depreciation": "None", "depreciationAndAmortization": "None", "incomeBeforeTax": "15285000", "incomeTaxExpense": "None", "interestAndDebtExpense": "None", "netIncomeFromContinuingOperations": "12053000", "comprehensiveIncomeNetOfTax": "None", "ebit": "None", "ebitda": "None", "netIncome": "11812000"}], "quarterlyReports": [{"fiscalDateEnding": "2025-09-30", "reportedCurrency": "USD", "grossProfit": "11347000", "totalRevenue": "41908000", "costOfRevenue": "30561000", "costofGoodsAndServicesSold": "30561000", "operatingIncome": "521000", "sellingGeneralAndAdministrative": "9548000", "researchAndDevelopment": "None", "operatingExpenses": "41387000", "investmentIncomeNet": "None", "netInterestIncome": "-2125000", "interestIncome": "243000", "interestExpense": "2368000", "nonInterestIncome": "None", "otherNonOperatingIncome": "None", "depreciation": "None", "depreciationAndAmortization": "None", "incomeBeforeTax": "-1665000", "incomeTaxExpense": "None", "interestAndDebtExpense": "None", "netIncomeFromContinuingOperations": "-2325000", "comprehensiveIncomeNetOfTax": "None", "ebit": "None", "ebitda": "None", "netIncome": "-2396000"}, {"fiscalDateEnding": "2025-06-30", "reportedCurrency": "USD", "grossProfit": "13027000", "totalRevenue": "43288000", "costOfRevenue": "30261000", "costofGoodsAndServicesSold": "30261000", "operatingIncome": "3231000", "sellingGeneralAndAdministrative": "8466000", "researchAndDevelopment": "None", "operatingExpenses": "40057000", "investmentIncomeNet": "None", "netInterestIncome": "-2417000", "interestIncome": "198000", "interestExpense": "2615000", "nonInterestIncome": "None", "otherNonOperatingIncome": "None", "depreciation": "None", "depreciationAndAmortization": "None", "incomeBeforeTax": "187000", "incomeTaxExpense": "None", "interestAndDebtExpense": "None", "netIncomeFromContinuingOperations": "16658000", "comprehensiveIncomeNetOfTax": "None", "ebit": "None", "ebitda": "None", "netIncome": "16582000"}, {"fiscalDateEnding": "2025-03-31", "reportedCurrency": "USD", "grossProfit": "13325000", "totalRevenue": "43439000", "costOfRevenue": "30114000", "costofGoodsAndServicesSold": "30114000", "operatingIncome": "3245000", "sellingGeneralAndAdministrative": "8746000", "researchAndDevelopment": "None", "operatingExpenses": "40194000", "investmentIncomeNet": "None", "netInterestIncome": "-4745000", "interestIncome": "193000", "interestExpense": "4938000", "nonInterestIncome": "None", "otherNonOperatingIncome": "None", "depreciation": "None", "depreciationAndAmortization": "None", "incomeBeforeTax": "-4529000", "incomeTaxExpense": "None", "interestAndDebtExpense": "None", "netIncomeFromContinuingOperations": "-5271000", "comprehensiveIncomeNetOfTax": "None", "ebit": "None", "ebitda": "None", "netIncome": "-5344000"}, {"fiscalDateEnding": "2024-12-31", "reportedCurrency": "USD", "grossProfit": "12438000", "totalRevenue": "41013000", "costOfRevenue": "28575000", "costofGoodsAndServicesSold": "28575000", "operatingIncome": "1269000", "sellingGeneralAndAdministrative": "9819000", "researchAndDevelopment": "None", "operatingExpenses": "39744000", "investmentIncomeNet": "None", "netInterestIncome": "-9319000", "interestIncome": "281000", "interestExpense": "9600000", "nonInterestIncome": "None", "otherNonOperatingIncome": "None", "depreciation": "None", "depreciationAndAmortization": "None", "incomeBeforeTax": "-8373000", "incomeTaxExpense": "None", "interestAndDebtExpense": "None", "netIncomeFromContinuingOperations": "-8717000", "comprehensiveIncomeNetOfTax": "None", "ebit": "None", "ebitda": "None", "netIncome": "-8769000"}, {"fiscalDateEnding": "2024-09-30", "reportedCurrency": "USD", "grossProfit": "12070000", "totalRevenue": "40531000", "costOfRevenue": "28461000", "costofGoodsAndServicesSold": "28461000", "operatingIncome": "1105000", "sellingGeneralAndAdministrative": "9596000", "researchAndDevelopment": "None", "operatingExpenses": "39426000", "investmentIncomeNet": "None", "netInterestIncome": "-9641000", "interestIncome": "319000", "interestExpense": "9960000", "nonInterestIncome": "None", "otherNonOperatingIncome": "None", "depreciation": "None", "depreciationAndAmortization": "None", "incomeBeforeTax": "-8493000", "incomeTaxExpense": "None", "interestAndDebtExpense": "None", "netIncomeFromContinuingOperations": "-9302000", "comprehensiveIncomeNetOfTax": "None", "ebit": "None", "ebitda": "None", "netIncome": "-9362000"}, {"fiscalDateEnding": "2024-06-30", "reportedCurrency": "USD", "grossProfit": "12717000", "totalRevenue": "39121000", "costOfRevenue": "26404000", "costofGoodsAndServicesSold": "26404000", "operatingIncome": "2083000", "sellingGeneralAndAdministrative": "9261000", "researchAndDevelopment": "None", "operatingExpenses": "37038000", "investmentIncomeNet": "None", "netInterestIncome": "-9582000", "interestIncome": "206000", "interestExpense": "9788000", "nonInterestIncome": "None", "otherNonOperatingIncome": "None", "depreciation": "None", "depreciationAndAmortization": "None", "incomeBeforeTax": "-7566000", "incomeTaxExpense": "None", "interestAndDebtExpense": "None", "netIncomeFromContinuingOperations": "-8272000", "comprehensiveIncomeNetOfTax": "None", "ebit": "None", "ebitda": "None", "netIncome": "-8307000"}, {"fiscalDateEnding": "2024-03-31", "reportedCurrency": "USD", "grossProfit": "12304000", "totalRevenue": "39469000", "costOfRevenue": "27165000", "costofGoodsAndServicesSold": "27165000", "operatingIncome": "-548000", "sellingGeneralAndAdministrative": "11469000", "researchAndDevelopment": "None", "operatingExpenses": "40017000", "investmentIncomeNet": "None", "netInterestIncome": "-9306000", "interestIncome": "223000", "interestExpense": "9529000", "nonInterestIncome": "None", "otherNonOperatingIncome": "None", "depreciation": "None", "depreciationAndAmortization": "None", "incomeBeforeTax": "-8435000", "incomeTaxExpense": "None", "interestAndDebtExpense": "None", "netIncomeFromContinuingOperations": "-9157000", "comprehensiveIncomeNetOfTax": "None", "ebit": "None", "ebitda": "None", "netIncome": "-9198000"}]}