{"symbol": "MS", "annualReports": [{"fiscalDateEnding": "2025-12-31", "reportedCurrency": "USD", "grossProfit": "66745000000", "totalRevenue": "116111000000", "costOfRevenue": "49366000000", "costofGoodsAndServicesSold": "49366000000", "operatingIncome": "21954000000", "sellingGeneralAndAdministrative": "22009000000", "researchAndDevelopment": "None", "operatingExpenses": "44791000000", "investmentIncomeNet": "None", "netInterestIncome": "None", "interestIncome": "None", "interestExpense": "49017000000", "nonInterestIncome": "None", "otherNonOperatingIncome": "None", "depreciation": "None", "depreciationAndAmortization": "4605000000", "incomeBeforeTax": "21954000000", "incomeTaxExpense": "4929000000", "interestAndDebtExpense": "None", "netIncomeFromContinuingOperations": "None", "comprehensiveIncomeNetOfTax": "None", "ebit": "21954000000", "ebitda": "26559000000", "netIncome": "16861000000"}, {"fiscalDateEnding": "2024-12-31", "reportedCurrency": "USD", "grossProfit": "57357000000", "totalRevenue": "103145000000", "costOfRevenue": "45788000000", "costofGoodsAndServicesSold": "45788000000", "operatingIncome": "17596000000", "sellingGeneralAndAdministrative": "26178000000", "researchAndDevelopment": "None", "operatingExpenses": "39761000000", "investmentIncomeNet": "None", "netInterestIncome": "8611000000", "interestIncome": "54135000000", "interestExpense": "45524000000", "nonInterestIncome": "None", "otherNonOperatingIncome": "None", "depreciation": "None", "depreciationAndAmortization": "5161000000", "incomeBeforeTax": "17596000000", "incomeTaxExpense": "4067000000", "interestAndDebtExpense": "None", "netIncomeFromContinuingOperations": "13529000000", "comprehensiveIncomeNetOfTax": "None", "ebit": "17596000000", "ebitda": "22757000000", "netIncome": "13390000000"}, {"fiscalDateEnding": "2023-12-31", "reportedCurrency": "USD", "grossProfit": "50135000000", "totalRevenue": "88286000000", "costOfRevenue": "38151000000", "costofGoodsAndServicesSold": "38151000000", "operatingIncome": "11813000000", "sellingGeneralAndAdministrative": "24205000000", "researchAndDevelopment": "None", "operatingExpenses": "38322000000", "investmentIncomeNet": "None", "netInterestIncome": "8230000000", "interestIncome": "50281000000", "interestExpense": "37619000000", "nonInterestIncome": "None", "otherNonOperatingIncome": "None", "depreciation": "None", "depreciationAndAmortization": "4256000000", "incomeBeforeTax": "11813000000", "incomeTaxExpense": "2583000000", "interestAndDebtExpense": "None", "netIncomeFromContinuingOperations": "9230000000", "comprehensiveIncomeNetOfTax": "None", "ebit": "11813000000", "ebitda": "16069000000", "netIncome": "9087000000"}, {"fiscalDateEnding": "2022-12-31", "reportedCurrency": "USD", "grossProfit": "49930000000", "totalRevenue": "62478000000", "costOfRevenue": "12548000000", "costofGoodsAndServicesSold": "12548000000", "operatingIncome": "14089000000", "sellingGeneralAndAdministrative": "23053000000", "researchAndDevelopment": "None", "operatingExpenses": "35841000000", "investmentIncomeNet": "None", "netInterestIncome": "9327000000", "interestIncome": "21595000000", "interestExpense": "12268000000", "nonInterestIncome": "None", "otherNonOperatingIncome": "None", "depreciation": "None", "depreciationAndAmortization": "3998000000", "incomeBeforeTax": "14089000000", "incomeTaxExpense": "2910000000", "interestAndDebtExpense": "None", "netIncomeFromContinuingOperations": "11179000000", "comprehensiveIncomeNetOfTax": "None", "ebit": "14089000000", "ebitda": "18087000000", "netIncome": "11029000000"}, {"fiscalDateEnding": "2021-12-31", "reportedCurrency": "USD", "grossProfit": "56410000000", "totalRevenue": "57780000000", "costOfRevenue": "1370000000", "costofGoodsAndServicesSold": "1370000000", "operatingIncome": "19668000000", "sellingGeneralAndAdministrative": "24628000000", "researchAndDevelopment": "None", "operatingExpenses": "36742000000", "investmentIncomeNet": "None", "netInterestIncome": "8045000000", "interestIncome": "9411000000", "interestExpense": "1366000000", "nonInterestIncome": "None", "otherNonOperatingIncome": "None", "depreciation": "None", "depreciationAndAmortization": "4216000000", "incomeBeforeTax": "19668000000", "incomeTaxExpense": "4548000000", "interestAndDebtExpense": "None", "netIncomeFromContinuingOperations": "15120000000", "comprehensiveIncomeNetOfTax": "None", "ebit": "19668000000", "ebitda": "23884000000", "netIncome": "15034000000"}, {"fiscalDateEnding": "2020-12-31", "reportedCurrency": "USD", "grossProfit": "45067000000", "totalRevenue": "49677000000", "costOfRevenue": "4610000000", "costofGoodsAndServicesSold": "4610000000", "operatingIncome": "14418000000", "sellingGeneralAndAdministrative": "20703000000", "researchAndDevelopment": "None", "operatingExpenses": "30649000000", "investmentIncomeNet": "None", "netInterestIncome": "6313000000", "interestIncome": "10162000000", "interestExpense": "3849000000", "nonInterestIncome": "None", "otherNonOperatingIncome": "None", "depreciation": "None", "depreciationAndAmortization": "3769000000", "incomeBeforeTax": "14418000000", "incomeTaxExpense": "3239000000", "interestAndDebtExpense": "None", "netIncomeFromContinuingOperations": "11179000000", "comprehensiveIncomeNetOfTax": "None", "ebit": "14418000000", "ebitda": "18187000000", "netIncome": "10996000000"}, {"fiscalDateEnding": "2019-12-31", "reportedCurrency": "USD", "grossProfit": "38884000000", "totalRevenue": "51449000000", "costOfRevenue": "12565000000", "costofGoodsAndServicesSold": "12565000000", "operatingIncome": "11301000000", "sellingGeneralAndAdministrative": "18665000000", "researchAndDevelopment": "None", "operatingExpenses": "27583000000", "investmentIncomeNet": "None", "netInterestIncome": "4694000000", "interestIncome": "17098000000", "interestExpense": "12404000000", "nonInterestIncome": "None", "otherNonOperatingIncome": "None", "depreciation": "None", "depreciationAndAmortization": "2643000000", "incomeBeforeTax": "11301000000", "incomeTaxExpense": "2064000000", "interestAndDebtExpense": "None", "netIncomeFromContinuingOperations": "9237000000", "comprehensiveIncomeNetOfTax": "None", "ebit": "11301000000", "ebitda": "13944000000", "netIncome": "9042000000"}, {"fiscalDateEnding": "2018-12-31", "reportedCurrency": "USD", "grossProfit": "37714000000", "totalRevenue": "47800000000", "costOfRevenue": "10086000000", "costofGoodsAndServicesSold": "10086000000", "operatingIncome": "11237000000", "sellingGeneralAndAdministrative": "17632000000", "researchAndDevelopment": "0", "operatingExpenses": "26477000000", "investmentIncomeNet": "None", "netInterestIncome": "3806000000", "interestIncome": "13892000000", "interestExpense": "10086000000", "nonInterestIncome": "None", "otherNonOperatingIncome": "None", "depreciation": "None", "depreciationAndAmortization": "1844000000", "incomeBeforeTax": "11237000000", "incomeTaxExpense": "2350000000", "interestAndDebtExpense": "None", "netIncomeFromContinuingOperations": "8887000000", "comprehensiveIncomeNetOfTax": "None", "ebit": "11237000000", "ebitda": "13081000000", "netIncome": "8748000000"}, {"fiscalDateEnding": "2017-12-31", "reportedCurrency": "USD", "grossProfit": "35852000000", "totalRevenue": "41549000000", "costOfRevenue": "5697000000", "costofGoodsAndServicesSold": "5697000000", "operatingIncome": "10403000000", "sellingGeneralAndAdministrative": "17166000000", "researchAndDevelopment": "0", "operatingExpenses": "25449000000", "investmentIncomeNet": "None", "netInterestIncome": "3300000000", "interestIncome": "8997000000", "interestExpense": "5697000000", "nonInterestIncome": "None", "otherNonOperatingIncome": "None", "depreciation": "None", "depreciationAndAmortization": "1753000000", "incomeBeforeTax": "10403000000", "incomeTaxExpense": "4168000000", "interestAndDebtExpense": "None", "netIncomeFromContinuingOperations": "6235000000", "comprehensiveIncomeNetOfTax": "None", "ebit": "10403000000", "ebitda": "12156000000", "netIncome": "6111000000"}, {"fiscalDateEnding": "2016-12-31", "reportedCurrency": "USD", "grossProfit": "32711000000", "totalRevenue": "36029000000", "costOfRevenue": "3318000000", "costofGoodsAndServicesSold": "3318000000", "operatingIncome": "8848000000", "sellingGeneralAndAdministrative": "15878000000", "researchAndDevelopment": "0", "operatingExpenses": "23863000000", "investmentIncomeNet": "None", "netInterestIncome": "3698000000", "interestIncome": "7016000000", "interestExpense": "3318000000", "nonInterestIncome": "None", "otherNonOperatingIncome": "None", "depreciation": "None", "depreciationAndAmortization": "1736000000", "incomeBeforeTax": "8848000000", "incomeTaxExpense": "2726000000", "interestAndDebtExpense": "None", "netIncomeFromContinuingOperations": "6122000000", "comprehensiveIncomeNetOfTax": "None", "ebit": "8848000000", "ebitda": "10584000000", "netIncome": "5979000000"}, {"fiscalDateEnding": "2015-12-31", "reportedCurrency": "USD", "grossProfit": "33263000000", "totalRevenue": "36005000000", "costOfRevenue": "2742000000", "costofGoodsAndServicesSold": "2742000000", "operatingIncome": "8495000000", "sellingGeneralAndAdministrative": "16016000000", "researchAndDevelopment": "0", "operatingExpenses": "24768000000", "investmentIncomeNet": "None", "netInterestIncome": "None", "interestIncome": "None", "interestExpense": "2742000000", "nonInterestIncome": "None", "otherNonOperatingIncome": "None", "depreciation": "None", "depreciationAndAmortization": "1433000000", "incomeBeforeTax": "8495000000", "incomeTaxExpense": "2200000000", "interestAndDebtExpense": "None", "netIncomeFromContinuingOperations": "6295000000", "comprehensiveIncomeNetOfTax": "None", "ebit": "8495000000", "ebitda": "9928000000", "netIncome": "6127000000"}, {"fiscalDateEnding": "2014-12-31", "reportedCurrency": "USD", "grossProfit": "32469000000", "totalRevenue": "36147000000", "costOfRevenue": "3678000000", "costofGoodsAndServicesSold": "3678000000", "operatingIncome": "3591000000", "sellingGeneralAndAdministrative": "17824000000", "researchAndDevelopment": "0", "operatingExpenses": "28878000000", "investmentIncomeNet": "None", "netInterestIncome": "None", "interestIncome": "None", "interestExpense": "3678000000", "nonInterestIncome": "None", "otherNonOperatingIncome": "None", "depreciation": "None", "depreciationAndAmortization": "1161000000", "incomeBeforeTax": "3591000000", "incomeTaxExpense": "-90000000", "interestAndDebtExpense": "None", "netIncomeFromContinuingOperations": "3681000000", "comprehensiveIncomeNetOfTax": "None", "ebit": "3591000000", "ebitda": "4752000000", "netIncome": "3467000000"}, {"fiscalDateEnding": "2013-12-31", "reportedCurrency": "USD", "grossProfit": "30782000000", "totalRevenue": "35213000000", "costOfRevenue": "4431000000", "costofGoodsAndServicesSold": "4431000000", "operatingIncome": "4558000000", "sellingGeneralAndAdministrative": "16277000000", "researchAndDevelopment": "0", "operatingExpenses": "26224000000", "investmentIncomeNet": "None", "netInterestIncome": "None", "interestIncome": "None", "interestExpense": "4431000000", "nonInterestIncome": "None", "otherNonOperatingIncome": "None", "depreciation": "None", "depreciationAndAmortization": "1511000000", "incomeBeforeTax": "4558000000", "incomeTaxExpense": "902000000", "interestAndDebtExpense": "None", "netIncomeFromContinuingOperations": "3656000000", "comprehensiveIncomeNetOfTax": "None", "ebit": "4558000000", "ebitda": "6069000000", "netIncome": "2932000000"}, {"fiscalDateEnding": "2012-12-31", "reportedCurrency": "USD", "grossProfit": "24643000000", "totalRevenue": "30540000000", "costOfRevenue": "5897000000", "costofGoodsAndServicesSold": "5897000000", "operatingIncome": "596000000", "sellingGeneralAndAdministrative": "15615000000", "researchAndDevelopment": "0", "operatingExpenses": "24047000000", "investmentIncomeNet": "None", "netInterestIncome": "None", "interestIncome": "None", "interestExpense": "5897000000", "nonInterestIncome": "None", "otherNonOperatingIncome": "None", "depreciation": "None", "depreciationAndAmortization": "1581000000", "incomeBeforeTax": "596000000", "incomeTaxExpense": "-161000000", "interestAndDebtExpense": "None", "netIncomeFromContinuingOperations": "754000000", "comprehensiveIncomeNetOfTax": "None", "ebit": "596000000", "ebitda": "2177000000", "netIncome": "66000000"}, {"fiscalDateEnding": "2011-12-31", "reportedCurrency": "USD", "grossProfit": "30594000000", "totalRevenue": "37477000000", "costOfRevenue": "6883000000", "costofGoodsAndServicesSold": "6883000000", "operatingIncome": "6110000000", "sellingGeneralAndAdministrative": "16325000000", "researchAndDevelopment": "0", "operatingExpenses": "24484000000", "investmentIncomeNet": "None", "netInterestIncome": "None", "interestIncome": "None", "interestExpense": "6883000000", "nonInterestIncome": "None", "otherNonOperatingIncome": "None", "depreciation": "None", "depreciationAndAmortization": "1404000000", "incomeBeforeTax": "6110000000", "incomeTaxExpense": "1414000000", "interestAndDebtExpense": "None", "netIncomeFromContinuingOperations": "None", "comprehensiveIncomeNetOfTax": "None", "ebit": "6110000000", "ebitda": "7514000000", "netIncome": "4085000000"}, {"fiscalDateEnding": "2010-12-31", "reportedCurrency": "USD", "grossProfit": "29361000000", "totalRevenue": "35768000000", "costOfRevenue": "6407000000", "costofGoodsAndServicesSold": "6407000000", "operatingIncome": "6198000000", "sellingGeneralAndAdministrative": "15866000000", "researchAndDevelopment": "0", "operatingExpenses": "23163000000", "investmentIncomeNet": "None", "netInterestIncome": "None", "interestIncome": "None", "interestExpense": "6407000000", "nonInterestIncome": "None", "otherNonOperatingIncome": "None", "depreciation": "None", "depreciationAndAmortization": "1419000000", "incomeBeforeTax": "6198000000", "incomeTaxExpense": "743000000", "interestAndDebtExpense": "None", "netIncomeFromContinuingOperations": "5463000000", "comprehensiveIncomeNetOfTax": "None", "ebit": "6198000000", "ebitda": "7617000000", "netIncome": "4703000000"}, {"fiscalDateEnding": "2009-12-31", "reportedCurrency": "USD", "grossProfit": "21599000000", "totalRevenue": "28286000000", "costOfRevenue": "6687000000", "costofGoodsAndServicesSold": "6687000000", "operatingIncome": "1130000000", "sellingGeneralAndAdministrative": "14331000000", "researchAndDevelopment": "0", "operatingExpenses": "20469000000", "investmentIncomeNet": "None", "netInterestIncome": "None", "interestIncome": "None", "interestExpense": "6687000000", "nonInterestIncome": "None", "otherNonOperatingIncome": "None", "depreciation": "None", "depreciationAndAmortization": "1224000000", "incomeBeforeTax": "1130000000", "incomeTaxExpense": "-297000000", "interestAndDebtExpense": "None", "netIncomeFromContinuingOperations": "None", "comprehensiveIncomeNetOfTax": "None", "ebit": "1130000000", "ebitda": "2354000000", "netIncome": "1346000000"}, {"fiscalDateEnding": "2008-12-31", "reportedCurrency": "USD", "grossProfit": "17662000000", "totalRevenue": "53925000000", "costOfRevenue": "36263000000", "costofGoodsAndServicesSold": "36263000000", "operatingIncome": "1254000000", "sellingGeneralAndAdministrative": "11851000000", "researchAndDevelopment": "None", "operatingExpenses": "16408000000", "investmentIncomeNet": "None", "netInterestIncome": "None", "interestIncome": "None", "interestExpense": "36263000000", "nonInterestIncome": "None", "otherNonOperatingIncome": "None", "depreciation": "None", "depreciationAndAmortization": "794000000", "incomeBeforeTax": "1254000000", "incomeTaxExpense": "16000000", "interestAndDebtExpense": "None", "netIncomeFromContinuingOperations": "None", "comprehensiveIncomeNetOfTax": "None", "ebit": "1254000000", "ebitda": "2048000000", "netIncome": "1707000000"}, {"fiscalDateEnding": "2007-12-31", "reportedCurrency": "USD", "grossProfit": "24985000000", "totalRevenue": "82268000000", "costOfRevenue": "57283000000", "costofGoodsAndServicesSold": "57283000000", "operatingIncome": "2776000000", "sellingGeneralAndAdministrative": "16122000000", "researchAndDevelopment": "None", "operatingExpenses": "22209000000", "investmentIncomeNet": "None", "netInterestIncome": "None", "interestIncome": "None", "interestExpense": "57283000000", "nonInterestIncome": "None", "otherNonOperatingIncome": "None", "depreciation": "None", "depreciationAndAmortization": "475000000", "incomeBeforeTax": "3441000000", "incomeTaxExpense": "831000000", "interestAndDebtExpense": "None", "netIncomeFromContinuingOperations": "None", "comprehensiveIncomeNetOfTax": "None", "ebit": "2776000000", "ebitda": "3251000000", "netIncome": "3209000000"}, {"fiscalDateEnding": "2006-12-31", "reportedCurrency": "USD", "grossProfit": "27738000000", "totalRevenue": "69391000000", "costOfRevenue": "41653000000", "costofGoodsAndServicesSold": "41653000000", "operatingIncome": "9064000000", "sellingGeneralAndAdministrative": "13986000000", "researchAndDevelopment": "None", "operatingExpenses": "18674000000", "investmentIncomeNet": "None", "netInterestIncome": "None", "interestIncome": "None", "interestExpense": "40897000000", "nonInterestIncome": "None", "otherNonOperatingIncome": "None", "depreciation": "None", "depreciationAndAmortization": "876000000", "incomeBeforeTax": "9064000000", "incomeTaxExpense": "2729000000", "interestAndDebtExpense": "None", "netIncomeFromContinuingOperations": "None", "comprehensiveIncomeNetOfTax": "None", "ebit": "9064000000", "ebitda": "9940000000", "netIncome": "7472000000"}], "quarterlyReports": [{"fiscalDateEnding": "2025-12-31", "reportedCurrency": "USD", "grossProfit": "17872000000", "totalRevenue": "29989000000", "costOfRevenue": "12117000000", "costofGoodsAndServicesSold": "12117000000", "operatingIncome": "5760000000", "sellingGeneralAndAdministrative": "9841000000", "researchAndDevelopment": "None", "operatingExpenses": "12112000000", "investmentIncomeNet": "None", "netInterestIncome": "None", "interestIncome": "None", "interestExpense": "12099000000", "nonInterestIncome": "None", "otherNonOperatingIncome": "None", "depreciation": "None", "depreciationAndAmortization": "1085000000", "incomeBeforeTax": "5760000000", "incomeTaxExpense": "1336000000", "interestAndDebtExpense": "None", "netIncomeFromContinuingOperations": "None", "comprehensiveIncomeNetOfTax": "None", "ebit": "5760000000", "ebitda": "6845000000", "netIncome": "4397000000"}, {"fiscalDateEnding": "2025-09-30", "reportedCurrency": "USD", "grossProfit": "17083000000", "totalRevenue": "30048000000", "costOfRevenue": "12965000000", "costofGoodsAndServicesSold": "12965000000", "operatingIncome": "6028000000", "sellingGeneralAndAdministrative": "7442000000", "researchAndDevelopment": "None", "operatingExpenses": "11055000000", "investmentIncomeNet": "None", "netInterestIncome": "2491000000", "interestIncome": "15456000000", "interestExpense": "12965000000", "nonInterestIncome": "None", "otherNonOperatingIncome": "None", "depreciation": "None", "depreciationAndAmortization": "1348000000", "incomeBeforeTax": "6028000000", "incomeTaxExpense": "1373000000", "interestAndDebtExpense": "None", "netIncomeFromContinuingOperations": "4655000000", "comprehensiveIncomeNetOfTax": "None", "ebit": "6028000000", "ebitda": "7376000000", "netIncome": "4610000000"}, {"fiscalDateEnding": "2025-06-30", "reportedCurrency": "USD", "grossProfit": "15408000000", "totalRevenue": "28162000000", "costOfRevenue": "12754000000", "costofGoodsAndServicesSold": "12754000000", "operatingIncome": "4622000000", "sellingGeneralAndAdministrative": "7190000000", "researchAndDevelopment": "None", "operatingExpenses": "10786000000", "investmentIncomeNet": "None", "netInterestIncome": "2347000000", "interestIncome": "14905000000", "interestExpense": "12558000000", "nonInterestIncome": "None", "otherNonOperatingIncome": "None", "depreciation": "None", "depreciationAndAmortization": "1307000000", "incomeBeforeTax": "4622000000", "incomeTaxExpense": "1047000000", "interestAndDebtExpense": "None", "netIncomeFromContinuingOperations": "3575000000", "comprehensiveIncomeNetOfTax": "None", "ebit": "4622000000", "ebitda": "5929000000", "netIncome": "3539000000"}, {"fiscalDateEnding": "2025-03-31", "reportedCurrency": "USD", "grossProfit": "16382000000", "totalRevenue": "27912000000", "costOfRevenue": "11530000000", "costofGoodsAndServicesSold": "11530000000", "operatingIncome": "5544000000", "sellingGeneralAndAdministrative": "7377000000", "researchAndDevelopment": "None", "operatingExpenses": "10838000000", "investmentIncomeNet": "None", "netInterestIncome": "2353000000", "interestIncome": "13748000000", "interestExpense": "11395000000", "nonInterestIncome": "None", "otherNonOperatingIncome": "None", "depreciation": "None", "depreciationAndAmortization": "865000000", "incomeBeforeTax": "5544000000", "incomeTaxExpense": "1173000000", "interestAndDebtExpense": "None", "netIncomeFromContinuingOperations": "4371000000", "comprehensiveIncomeNetOfTax": "None", "ebit": "5544000000", "ebitda": "6409000000", "netIncome": "4315000000"}, {"fiscalDateEnding": "2024-12-31", "reportedCurrency": "USD", "grossProfit": "14928000000", "totalRevenue": "25982000000", "costOfRevenue": "11054000000", "costofGoodsAndServicesSold": "11054000000", "operatingIncome": "4906000000", "sellingGeneralAndAdministrative": "6289000000", "researchAndDevelopment": "None", "operatingExpenses": "10022000000", "investmentIncomeNet": "None", "netInterestIncome": "2552000000", "interestIncome": "13491000000", "interestExpense": "10939000000", "nonInterestIncome": "None", "otherNonOperatingIncome": "None", "depreciation": "None", "depreciationAndAmortization": "1645000000", "incomeBeforeTax": "4906000000", "incomeTaxExpense": "1182000000", "interestAndDebtExpense": "None", "netIncomeFromContinuingOperations": "3724000000", "comprehensiveIncomeNetOfTax": "None", "ebit": "4906000000", "ebitda": "6551000000", "netIncome": "3714000000"}, {"fiscalDateEnding": "2024-09-30", "reportedCurrency": "USD", "grossProfit": "14260000000", "totalRevenue": "26328000000", "costOfRevenue": "12068000000", "costofGoodsAndServicesSold": "12068000000", "operatingIncome": "4221000000", "sellingGeneralAndAdministrative": "6733000000", "researchAndDevelopment": "None", "operatingExpenses": "10039000000", "investmentIncomeNet": "None", "netInterestIncome": "2196000000", "interestIncome": "14185000000", "interestExpense": "11989000000", "nonInterestIncome": "None", "otherNonOperatingIncome": "None", "depreciation": "None", "depreciationAndAmortization": "1270000000", "incomeBeforeTax": "4221000000", "incomeTaxExpense": "995000000", "interestAndDebtExpense": "None", "netIncomeFromContinuingOperations": "3226000000", "comprehensiveIncomeNetOfTax": "None", "ebit": "4221000000", "ebitda": "5491000000", "netIncome": "3188000000"}, {"fiscalDateEnding": "2024-06-30", "reportedCurrency": "USD", "grossProfit": "13948000000", "totalRevenue": "25486000000", "costOfRevenue": "11538000000", "costofGoodsAndServicesSold": "11538000000", "operatingIncome": "4074000000", "sellingGeneralAndAdministrative": "6460000000", "researchAndDevelopment": "None", "operatingExpenses": "9874000000", "investmentIncomeNet": "None", "netInterestIncome": "2067000000", "interestIncome": "13529000000", "interestExpense": "11462000000", "nonInterestIncome": "None", "otherNonOperatingIncome": "None", "depreciation": "None", "depreciationAndAmortization": "1271000000", "incomeBeforeTax": "4074000000", "incomeTaxExpense": "957000000", "interestAndDebtExpense": "None", "netIncomeFromContinuingOperations": "3117000000", "comprehensiveIncomeNetOfTax": "None", "ebit": "4074000000", "ebitda": "5345000000", "netIncome": "3076000000"}, {"fiscalDateEnding": "2024-03-31", "reportedCurrency": "USD", "grossProfit": "14221000000", "totalRevenue": "25349000000", "costOfRevenue": "11128000000", "costofGoodsAndServicesSold": "11128000000", "operatingIncome": "4395000000", "sellingGeneralAndAdministrative": "6696000000", "researchAndDevelopment": "None", "operatingExpenses": "9826000000", "investmentIncomeNet": "None", "netInterestIncome": "1796000000", "interestIncome": "12930000000", "interestExpense": "11134000000", "nonInterestIncome": "None", "otherNonOperatingIncome": "None", "depreciation": "None", "depreciationAndAmortization": "975000000", "incomeBeforeTax": "4395000000", "incomeTaxExpense": "933000000", "interestAndDebtExpense": "None", "netIncomeFromContinuingOperations": "3462000000", "comprehensiveIncomeNetOfTax": "None", "ebit": "4395000000", "ebitda": "5370000000", "netIncome": "3412000000"}, {"fiscalDateEnding": "2023-12-31", "reportedCurrency": "USD", "grossProfit": "12028000000", "totalRevenue": "24192000000", "costOfRevenue": "12164000000", "costofGoodsAndServicesSold": "12164000000", "operatingIncome": "2096000000", "sellingGeneralAndAdministrative": "5598000000", "researchAndDevelopment": "None", "operatingExpenses": "9932000000", "investmentIncomeNet": "None", "netInterestIncome": "1897000000", "interestIncome": "14058000000", "interestExpense": "12161000000", "nonInterestIncome": "None", "otherNonOperatingIncome": "None", "depreciation": "None", "depreciationAndAmortization": "1406000000", "incomeBeforeTax": "2096000000", "incomeTaxExpense": "555000000", "interestAndDebtExpense": "None", "netIncomeFromContinuingOperations": "1541000000", "comprehensiveIncomeNetOfTax": "None", "ebit": "2096000000", "ebitda": "3502000000", "netIncome": "1517000000"}, {"fiscalDateEnding": "2023-09-30", "reportedCurrency": "USD", "grossProfit": "12284000000", "totalRevenue": "22567000000", "costOfRevenue": "10283000000", "costofGoodsAndServicesSold": "10283000000", "operatingIncome": "3145000000", "sellingGeneralAndAdministrative": "5935000000", "researchAndDevelopment": "None", "operatingExpenses": "9139000000", "investmentIncomeNet": "None", "netInterestIncome": "1977000000", "interestIncome": "13305000000", "interestExpense": "10149000000", "nonInterestIncome": "None", "otherNonOperatingIncome": "None", "depreciation": "None", "depreciationAndAmortization": "988000000", "incomeBeforeTax": "3145000000", "incomeTaxExpense": "710000000", "interestAndDebtExpense": "None", "netIncomeFromContinuingOperations": "2435000000", "comprehensiveIncomeNetOfTax": "None", "ebit": "3145000000", "ebitda": "4133000000", "netIncome": "2408000000"}, {"fiscalDateEnding": "2023-06-30", "reportedCurrency": "USD", "grossProfit": "12421000000", "totalRevenue": "21485000000", "costOfRevenue": "9064000000", "costofGoodsAndServicesSold": "9064000000", "operatingIncome": "2812000000", "sellingGeneralAndAdministrative": "6262000000", "researchAndDevelopment": "None", "operatingExpenses": "9609000000", "investmentIncomeNet": "None", "netInterestIncome": "2010000000", "interestIncome": "12048000000", "interestExpense": "8903000000", "nonInterestIncome": "None", "otherNonOperatingIncome": "None", "depreciation": "None", "depreciationAndAmortization": "922000000", "incomeBeforeTax": "2812000000", "incomeTaxExpense": "591000000", "interestAndDebtExpense": "None", "netIncomeFromContinuingOperations": "2221000000", "comprehensiveIncomeNetOfTax": "None", "ebit": "2812000000", "ebitda": "3734000000", "netIncome": "2182000000"}, {"fiscalDateEnding": "2023-03-31", "reportedCurrency": "USD", "grossProfit": "13402000000", "totalRevenue": "21270000000", "costOfRevenue": "7868000000", "costofGoodsAndServicesSold": "7868000000", "operatingIncome": "3760000000", "sellingGeneralAndAdministrative": "6410000000", "researchAndDevelopment": "None", "operatingExpenses": "9642000000", "investmentIncomeNet": "None", "netInterestIncome": "2346000000", "interestIncome": "10379000000", "interestExpense": "7634000000", "nonInterestIncome": "None", "otherNonOperatingIncome": "None", "depreciation": "None", "depreciationAndAmortization": "940000000", "incomeBeforeTax": "3760000000", "incomeTaxExpense": "727000000", "interestAndDebtExpense": "None", "netIncomeFromContinuingOperations": "3033000000", "comprehensiveIncomeNetOfTax": "None", "ebit": "3760000000", "ebitda": "4700000000", "netIncome": "2980000000"}, {"fiscalDateEnding": "2022-12-31", "reportedCurrency": "USD", "grossProfit": "11811000000", "totalRevenue": "18811000000", "costOfRevenue": "7000000000", "costofGoodsAndServicesSold": "7000000000", "operatingIncome": "2794000000", "sellingGeneralAndAdministrative": "5574000000", "researchAndDevelopment": "None", "operatingExpenses": "9017000000", "investmentIncomeNet": "None", "netInterestIncome": "2319000000", "interestIncome": "9232000000", "interestExpense": "6913000000", "nonInterestIncome": "None", "otherNonOperatingIncome": "None", "depreciation": "None", "depreciationAndAmortization": "1207000000", "incomeBeforeTax": "2794000000", "incomeTaxExpense": "528000000", "interestAndDebtExpense": "None", "netIncomeFromContinuingOperations": "2266000000", "comprehensiveIncomeNetOfTax": "None", "ebit": "2794000000", "ebitda": "4001000000", "netIncome": "2236000000"}, {"fiscalDateEnding": "2022-09-30", "reportedCurrency": "USD", "grossProfit": "12104000000", "totalRevenue": "15730000000", "costOfRevenue": "3626000000", "costofGoodsAndServicesSold": "3626000000", "operatingIncome": "3388000000", "sellingGeneralAndAdministrative": "5614000000", "researchAndDevelopment": "None", "operatingExpenses": "8716000000", "investmentIncomeNet": "None", "netInterestIncome": "2510000000", "interestIncome": "6101000000", "interestExpense": "3591000000", "nonInterestIncome": "None", "otherNonOperatingIncome": "None", "depreciation": "None", "depreciationAndAmortization": "928000000", "incomeBeforeTax": "3388000000", "incomeTaxExpense": "726000000", "interestAndDebtExpense": "None", "netIncomeFromContinuingOperations": "2662000000", "comprehensiveIncomeNetOfTax": "None", "ebit": "3388000000", "ebitda": "4316000000", "netIncome": "2632000000"}, {"fiscalDateEnding": "2022-06-30", "reportedCurrency": "USD", "grossProfit": "12153000000", "totalRevenue": "13584000000", "costOfRevenue": "1431000000", "costofGoodsAndServicesSold": "1431000000", "operatingIncome": "3319000000", "sellingGeneralAndAdministrative": "5550000000", "researchAndDevelopment": "None", "operatingExpenses": "8834000000", "investmentIncomeNet": "None", "netInterestIncome": "2282000000", "interestIncome": "3612000000", "interestExpense": "1330000000", "nonInterestIncome": "None", "otherNonOperatingIncome": "None", "depreciation": "None", "depreciationAndAmortization": "921000000", "incomeBeforeTax": "3319000000", "incomeTaxExpense": "783000000", "interestAndDebtExpense": "None", "netIncomeFromContinuingOperations": "2536000000", "comprehensiveIncomeNetOfTax": "None", "ebit": "3319000000", "ebitda": "4240000000", "netIncome": "2495000000"}, {"fiscalDateEnding": "2022-03-31", "reportedCurrency": "USD", "grossProfit": "13862000000", "totalRevenue": "14353000000", "costOfRevenue": "491000000", "costofGoodsAndServicesSold": "491000000", "operatingIncome": "4588000000", "sellingGeneralAndAdministrative": "6274000000", "researchAndDevelopment": "None", "operatingExpenses": "9274000000", "investmentIncomeNet": "None", "netInterestIncome": "2216000000", "interestIncome": "2650000000", "interestExpense": "434000000", "nonInterestIncome": "None", "otherNonOperatingIncome": "None", "depreciation": "None", "depreciationAndAmortization": "942000000", "incomeBeforeTax": "4588000000", "incomeTaxExpense": "873000000", "interestAndDebtExpense": "None", "netIncomeFromContinuingOperations": "3715000000", "comprehensiveIncomeNetOfTax": "None", "ebit": "4588000000", "ebitda": "5530000000", "netIncome": "3666000000"}, {"fiscalDateEnding": "2021-12-31", "reportedCurrency": "USD", "grossProfit": "13708000000", "totalRevenue": "14035000000", "costOfRevenue": "327000000", "costofGoodsAndServicesSold": "327000000", "operatingIncome": "4884000000", "sellingGeneralAndAdministrative": "5385000000", "researchAndDevelopment": "None", "operatingExpenses": "8824000000", "investmentIncomeNet": "None", "netInterestIncome": "2089000000", "interestIncome": "2411000000", "interestExpense": "322000000", "nonInterestIncome": "None", "otherNonOperatingIncome": "None", "depreciation": "None", "depreciationAndAmortization": "1237000000", "incomeBeforeTax": "4884000000", "incomeTaxExpense": "1168000000", "interestAndDebtExpense": "None", "netIncomeFromContinuingOperations": "3716000000", "comprehensiveIncomeNetOfTax": "None", "ebit": "4884000000", "ebitda": "6121000000", "netIncome": "3696000000"}, {"fiscalDateEnding": "2021-09-30", "reportedCurrency": "USD", "grossProfit": "13904000000", "totalRevenue": "14216000000", "costOfRevenue": "312000000", "costofGoodsAndServicesSold": "312000000", "operatingIncome": "4874000000", "sellingGeneralAndAdministrative": "5920000000", "researchAndDevelopment": "None", "operatingExpenses": "9030000000", "investmentIncomeNet": "None", "netInterestIncome": "2063000000", "interestIncome": "2351000000", "interestExpense": "288000000", "nonInterestIncome": "None", "otherNonOperatingIncome": "None", "depreciation": "None", "depreciationAndAmortization": "1035000000", "incomeBeforeTax": "4874000000", "incomeTaxExpense": "1150000000", "interestAndDebtExpense": "None", "netIncomeFromContinuingOperations": "3724000000", "comprehensiveIncomeNetOfTax": "None", "ebit": "4874000000", "ebitda": "5909000000", "netIncome": "3707000000"}, {"fiscalDateEnding": "2021-06-30", "reportedCurrency": "USD", "grossProfit": "13891000000", "totalRevenue": "14311000000", "costOfRevenue": "420000000", "costofGoodsAndServicesSold": "420000000", "operatingIncome": "4566000000", "sellingGeneralAndAdministrative": "6423000000", "researchAndDevelopment": "None", "operatingExpenses": "9325000000", "investmentIncomeNet": "None", "netInterestIncome": "1865000000", "interestIncome": "2212000000", "interestExpense": "347000000", "nonInterestIncome": "None", "otherNonOperatingIncome": "None", "depreciation": "None", "depreciationAndAmortization": "1057000000", "incomeBeforeTax": "4566000000", "incomeTaxExpense": "1054000000", "interestAndDebtExpense": "None", "netIncomeFromContinuingOperations": "3512000000", "comprehensiveIncomeNetOfTax": "None", "ebit": "4566000000", "ebitda": "5623000000", "netIncome": "3511000000"}, {"fiscalDateEnding": "2021-03-31", "reportedCurrency": "USD", "grossProfit": "14907000000", "totalRevenue": "15218000000", "costOfRevenue": "311000000", "costofGoodsAndServicesSold": "311000000", "operatingIncome": "5344000000", "sellingGeneralAndAdministrative": "6765000000", "researchAndDevelopment": "None", "operatingExpenses": "9563000000", "investmentIncomeNet": "None", "netInterestIncome": "2028000000", "interestIncome": "2437000000", "interestExpense": "409000000", "nonInterestIncome": "None", "otherNonOperatingIncome": "None", "depreciation": "None", "depreciationAndAmortization": "887000000", "incomeBeforeTax": "5344000000", "incomeTaxExpense": "1176000000", "interestAndDebtExpense": "None", "netIncomeFromContinuingOperations": "4168000000", "comprehensiveIncomeNetOfTax": "None", "ebit": "5344000000", "ebitda": "6231000000", "netIncome": "4120000000"}, {"fiscalDateEnding": "2020-12-31", "reportedCurrency": "USD", "grossProfit": "12864000000", "totalRevenue": "13238000000", "costOfRevenue": "374000000", "costofGoodsAndServicesSold": "374000000", "operatingIncome": "4430000000", "sellingGeneralAndAdministrative": "5450000000", "researchAndDevelopment": "None", "operatingExpenses": "8434000000", "investmentIncomeNet": "None", "netInterestIncome": "1871000000", "interestIncome": "2245000000", "interestExpense": "374000000", "nonInterestIncome": "None", "otherNonOperatingIncome": "None", "depreciation": "None", "depreciationAndAmortization": "1406000000", "incomeBeforeTax": "4430000000", "incomeTaxExpense": "1018000000", "interestAndDebtExpense": "None", "netIncomeFromContinuingOperations": "3412000000", "comprehensiveIncomeNetOfTax": "None", "ebit": "4430000000", "ebitda": "5836000000", "netIncome": "3385000000"}, {"fiscalDateEnding": "2020-09-30", "reportedCurrency": "USD", "grossProfit": "10913000000", "totalRevenue": "11594000000", "costOfRevenue": "681000000", "costofGoodsAndServicesSold": "681000000", "operatingIncome": "3487000000", "sellingGeneralAndAdministrative": "5086000000", "researchAndDevelopment": "None", "operatingExpenses": "7426000000", "investmentIncomeNet": "None", "netInterestIncome": "1486000000", "interestIncome": "2056000000", "interestExpense": "570000000", "nonInterestIncome": "None", "otherNonOperatingIncome": "None", "depreciation": "None", "depreciationAndAmortization": "853000000", "incomeBeforeTax": "3487000000", "incomeTaxExpense": "736000000", "interestAndDebtExpense": "None", "netIncomeFromContinuingOperations": "2751000000", "comprehensiveIncomeNetOfTax": "None", "ebit": "3487000000", "ebitda": "4340000000", "netIncome": "2717000000"}, {"fiscalDateEnding": "2020-06-30", "reportedCurrency": "USD", "grossProfit": "12705000000", "totalRevenue": "13702000000", "costOfRevenue": "997000000", "costofGoodsAndServicesSold": "997000000", "operatingIncome": "4355000000", "sellingGeneralAndAdministrative": "6035000000", "researchAndDevelopment": "None", "operatingExpenses": "8350000000", "investmentIncomeNet": "None", "netInterestIncome": "1600000000", "interestIncome": "2358000000", "interestExpense": "758000000", "nonInterestIncome": "None", "otherNonOperatingIncome": "None", "depreciation": "None", "depreciationAndAmortization": "686000000", "incomeBeforeTax": "4355000000", "incomeTaxExpense": "1119000000", "interestAndDebtExpense": "None", "netIncomeFromContinuingOperations": "3236000000", "comprehensiveIncomeNetOfTax": "None", "ebit": "4355000000", "ebitda": "5041000000", "netIncome": "3196000000"}, {"fiscalDateEnding": "2020-03-31", "reportedCurrency": "USD", "grossProfit": "8632000000", "totalRevenue": "11186000000", "costOfRevenue": "2554000000", "costofGoodsAndServicesSold": "2554000000", "operatingIncome": "2146000000", "sellingGeneralAndAdministrative": "4283000000", "researchAndDevelopment": "None", "operatingExpenses": "6486000000", "investmentIncomeNet": "None", "netInterestIncome": "1356000000", "interestIncome": "3503000000", "interestExpense": "2147000000", "nonInterestIncome": "None", "otherNonOperatingIncome": "None", "depreciation": "None", "depreciationAndAmortization": "824000000", "incomeBeforeTax": "2146000000", "incomeTaxExpense": "366000000", "interestAndDebtExpense": "None", "netIncomeFromContinuingOperations": "1780000000", "comprehensiveIncomeNetOfTax": "None", "ebit": "2146000000", "ebitda": "2970000000", "netIncome": "1698000000"}, {"fiscalDateEnding": "2019-12-31", "reportedCurrency": "USD", "grossProfit": "10224000000", "totalRevenue": "12743000000", "costOfRevenue": "2519000000", "costofGoodsAndServicesSold": "2519000000", "operatingIncome": "2733000000", "sellingGeneralAndAdministrative": "5228000000", "researchAndDevelopment": "None", "operatingExpenses": "7491000000", "investmentIncomeNet": "None", "netInterestIncome": "1433000000", "interestIncome": "3952000000", "interestExpense": "2519000000", "nonInterestIncome": "None", "otherNonOperatingIncome": "None", "depreciation": "None", "depreciationAndAmortization": "656000000", "incomeBeforeTax": "2733000000", "incomeTaxExpense": "428000000", "interestAndDebtExpense": "None", "netIncomeFromContinuingOperations": "2305000000", "comprehensiveIncomeNetOfTax": "None", "ebit": "2733000000", "ebitda": "3389000000", "netIncome": "2239000000"}, {"fiscalDateEnding": "2019-09-30", "reportedCurrency": "USD", "grossProfit": "9395000000", "totalRevenue": "12527000000", "costOfRevenue": "3132000000", "costofGoodsAndServicesSold": "3132000000", "operatingIncome": "2710000000", "sellingGeneralAndAdministrative": "4427000000", "researchAndDevelopment": "None", "operatingExpenses": "6685000000", "investmentIncomeNet": "None", "netInterestIncome": "1218000000", "interestIncome": "4350000000", "interestExpense": "3132000000", "nonInterestIncome": "None", "otherNonOperatingIncome": "None", "depreciation": "None", "depreciationAndAmortization": "654000000", "incomeBeforeTax": "2710000000", "incomeTaxExpense": "492000000", "interestAndDebtExpense": "None", "netIncomeFromContinuingOperations": "2218000000", "comprehensiveIncomeNetOfTax": "None", "ebit": "2710000000", "ebitda": "3364000000", "netIncome": "2173000000"}, {"fiscalDateEnding": "2019-06-30", "reportedCurrency": "USD", "grossProfit": "9614000000", "totalRevenue": "13091000000", "costOfRevenue": "3477000000", "costofGoodsAndServicesSold": "3477000000", "operatingIncome": "2903000000", "sellingGeneralAndAdministrative": "4531000000", "researchAndDevelopment": "None", "operatingExpenses": "6711000000", "investmentIncomeNet": "None", "netInterestIncome": "1029000000", "interestIncome": "4506000000", "interestExpense": "3477000000", "nonInterestIncome": "None", "otherNonOperatingIncome": "None", "depreciation": "None", "depreciationAndAmortization": "675000000", "incomeBeforeTax": "2903000000", "incomeTaxExpense": "657000000", "interestAndDebtExpense": "None", "netIncomeFromContinuingOperations": "2246000000", "comprehensiveIncomeNetOfTax": "None", "ebit": "2903000000", "ebitda": "3578000000", "netIncome": "2201000000"}, {"fiscalDateEnding": "2019-03-31", "reportedCurrency": "USD", "grossProfit": "9693000000", "totalRevenue": "12969000000", "costOfRevenue": "3276000000", "costofGoodsAndServicesSold": "3276000000", "operatingIncome": "2955000000", "sellingGeneralAndAdministrative": "4651000000", "researchAndDevelopment": "None", "operatingExpenses": "6738000000", "investmentIncomeNet": "None", "netInterestIncome": "1014000000", "interestIncome": "4290000000", "interestExpense": "3276000000", "nonInterestIncome": "None", "otherNonOperatingIncome": "None", "depreciation": "None", "depreciationAndAmortization": "658000000", "incomeBeforeTax": "2955000000", "incomeTaxExpense": "487000000", "interestAndDebtExpense": "None", "netIncomeFromContinuingOperations": "2468000000", "comprehensiveIncomeNetOfTax": "None", "ebit": "2955000000", "ebitda": "3613000000", "netIncome": "2429000000"}, {"fiscalDateEnding": "2018-12-31", "reportedCurrency": "USD", "grossProfit": "7950000000", "totalRevenue": "11072000000", "costOfRevenue": "3122000000", "costofGoodsAndServicesSold": "3122000000", "operatingIncome": "1857000000", "sellingGeneralAndAdministrative": "3787000000", "researchAndDevelopment": "0", "operatingExpenses": "6093000000", "investmentIncomeNet": "None", "netInterestIncome": "None", "interestIncome": "None", "interestExpense": "3122000000", "nonInterestIncome": "None", "otherNonOperatingIncome": "None", "depreciation": "None", "depreciationAndAmortization": "469000000", "incomeBeforeTax": "1857000000", "incomeTaxExpense": "300000000", "interestAndDebtExpense": "None", "netIncomeFromContinuingOperations": "1557000000", "comprehensiveIncomeNetOfTax": "None", "ebit": "1857000000", "ebitda": "2326000000", "netIncome": "1531000000"}, {"fiscalDateEnding": "2018-09-30", "reportedCurrency": "USD", "grossProfit": "9313000000", "totalRevenue": "12004000000", "costOfRevenue": "2691000000", "costofGoodsAndServicesSold": "2691000000", "operatingIncome": "2851000000", "sellingGeneralAndAdministrative": "4310000000", "researchAndDevelopment": "0", "operatingExpenses": "6462000000", "investmentIncomeNet": "None", "netInterestIncome": "None", "interestIncome": "None", "interestExpense": "2691000000", "nonInterestIncome": "None", "otherNonOperatingIncome": "None", "depreciation": "None", "depreciationAndAmortization": "468000000", "incomeBeforeTax": "2851000000", "incomeTaxExpense": "696000000", "interestAndDebtExpense": "None", "netIncomeFromContinuingOperations": "2155000000", "comprehensiveIncomeNetOfTax": "None", "ebit": "2851000000", "ebitda": "3319000000", "netIncome": "2112000000"}, {"fiscalDateEnding": "2018-06-30", "reportedCurrency": "USD", "grossProfit": "10001000000", "totalRevenue": "12389000000", "costOfRevenue": "2388000000", "costofGoodsAndServicesSold": "2388000000", "operatingIncome": "3109000000", "sellingGeneralAndAdministrative": "4621000000", "researchAndDevelopment": "0", "operatingExpenses": "6892000000", "investmentIncomeNet": "None", "netInterestIncome": "None", "interestIncome": "None", "interestExpense": "2388000000", "nonInterestIncome": "None", "otherNonOperatingIncome": "None", "depreciation": "None", "depreciationAndAmortization": "517000000", "incomeBeforeTax": "3109000000", "incomeTaxExpense": "640000000", "interestAndDebtExpense": "None", "netIncomeFromContinuingOperations": "2469000000", "comprehensiveIncomeNetOfTax": "None", "ebit": "3109000000", "ebitda": "3626000000", "netIncome": "2437000000"}, {"fiscalDateEnding": "2018-03-31", "reportedCurrency": "USD", "grossProfit": "10450000000", "totalRevenue": "12335000000", "costOfRevenue": "1885000000", "costofGoodsAndServicesSold": "1885000000", "operatingIncome": "3420000000", "sellingGeneralAndAdministrative": "4914000000", "researchAndDevelopment": "0", "operatingExpenses": "7030000000", "investmentIncomeNet": "None", "netInterestIncome": "None", "interestIncome": "None", "interestExpense": "1885000000", "nonInterestIncome": "None", "otherNonOperatingIncome": "None", "depreciation": "None", "depreciationAndAmortization": "390000000", "incomeBeforeTax": "3420000000", "incomeTaxExpense": "714000000", "interestAndDebtExpense": "None", "netIncomeFromContinuingOperations": "2706000000", "comprehensiveIncomeNetOfTax": "None", "ebit": "3420000000", "ebitda": "3810000000", "netIncome": "2668000000"}, {"fiscalDateEnding": "2017-12-31", "reportedCurrency": "USD", "grossProfit": "8963000000", "totalRevenue": "10554000000", "costOfRevenue": "1591000000", "costofGoodsAndServicesSold": "1591000000", "operatingIncome": "2471000000", "sellingGeneralAndAdministrative": "4279000000", "researchAndDevelopment": "0", "operatingExpenses": "6492000000", "investmentIncomeNet": "None", "netInterestIncome": "None", "interestIncome": "None", "interestExpense": "1591000000", "nonInterestIncome": "None", "otherNonOperatingIncome": "None", "depreciation": "None", "depreciationAndAmortization": "413000000", "incomeBeforeTax": "2471000000", "incomeTaxExpense": "1810000000", "interestAndDebtExpense": "None", "netIncomeFromContinuingOperations": "661000000", "comprehensiveIncomeNetOfTax": "None", "ebit": "2471000000", "ebitda": "2884000000", "netIncome": "643000000"}, {"fiscalDateEnding": "2017-09-30", "reportedCurrency": "USD", "grossProfit": "8675000000", "totalRevenue": "10232000000", "costOfRevenue": "1557000000", "costofGoodsAndServicesSold": "1557000000", "operatingIncome": "2482000000", "sellingGeneralAndAdministrative": "4169000000", "researchAndDevelopment": "0", "operatingExpenses": "6193000000", "investmentIncomeNet": "None", "netInterestIncome": "None", "interestIncome": "None", "interestExpense": "1557000000", "nonInterestIncome": "None", "otherNonOperatingIncome": "None", "depreciation": "None", "depreciationAndAmortization": "451000000", "incomeBeforeTax": "2482000000", "incomeTaxExpense": "697000000", "interestAndDebtExpense": "None", "netIncomeFromContinuingOperations": "1785000000", "comprehensiveIncomeNetOfTax": "None", "ebit": "2482000000", "ebitda": "2933000000", "netIncome": "1781000000"}, {"fiscalDateEnding": "2017-06-30", "reportedCurrency": "USD", "grossProfit": "8978000000", "totalRevenue": "10333000000", "costOfRevenue": "1355000000", "costofGoodsAndServicesSold": "1355000000", "operatingIncome": "2642000000", "sellingGeneralAndAdministrative": "4252000000", "researchAndDevelopment": "0", "operatingExpenses": "6336000000", "investmentIncomeNet": "None", "netInterestIncome": "None", "interestIncome": "None", "interestExpense": "1355000000", "nonInterestIncome": "None", "otherNonOperatingIncome": "None", "depreciation": "None", "depreciationAndAmortization": "455000000", "incomeBeforeTax": "2642000000", "incomeTaxExpense": "846000000", "interestAndDebtExpense": "None", "netIncomeFromContinuingOperations": "1796000000", "comprehensiveIncomeNetOfTax": "None", "ebit": "2642000000", "ebitda": "3097000000", "netIncome": "1757000000"}, {"fiscalDateEnding": "2017-03-31", "reportedCurrency": "USD", "grossProfit": "9236000000", "totalRevenue": "10430000000", "costOfRevenue": "1194000000", "costofGoodsAndServicesSold": "1194000000", "operatingIncome": "2808000000", "sellingGeneralAndAdministrative": "4466000000", "researchAndDevelopment": "0", "operatingExpenses": "6428000000", "investmentIncomeNet": "None", "netInterestIncome": "None", "interestIncome": "None", "interestExpense": "1194000000", "nonInterestIncome": "None", "otherNonOperatingIncome": "None", "depreciation": "None", "depreciationAndAmortization": "434000000", "incomeBeforeTax": "2808000000", "incomeTaxExpense": "815000000", "interestAndDebtExpense": "None", "netIncomeFromContinuingOperations": "1993000000", "comprehensiveIncomeNetOfTax": "None", "ebit": "2808000000", "ebitda": "3242000000", "netIncome": "1930000000"}, {"fiscalDateEnding": "2016-12-31", "reportedCurrency": "USD", "grossProfit": "8541000000", "totalRevenue": "9526000000", "costOfRevenue": "985000000", "costofGoodsAndServicesSold": "985000000", "operatingIncome": "2246000000", "sellingGeneralAndAdministrative": "4083000000", "researchAndDevelopment": "0", "operatingExpenses": "6295000000", "investmentIncomeNet": "None", "netInterestIncome": "None", "interestIncome": "None", "interestExpense": "985000000", "nonInterestIncome": "None", "otherNonOperatingIncome": "None", "depreciation": "None", "depreciationAndAmortization": "379000000", "incomeBeforeTax": "2246000000", "incomeTaxExpense": "566000000", "interestAndDebtExpense": "None", "netIncomeFromContinuingOperations": "1680000000", "comprehensiveIncomeNetOfTax": "None", "ebit": "2246000000", "ebitda": "2625000000", "netIncome": "1666000000"}, {"fiscalDateEnding": "2016-09-30", "reportedCurrency": "USD", "grossProfit": "8418000000", "totalRevenue": "9149000000", "costOfRevenue": "731000000", "costofGoodsAndServicesSold": "731000000", "operatingIncome": "2381000000", "sellingGeneralAndAdministrative": "4097000000", "researchAndDevelopment": "0", "operatingExpenses": "6037000000", "investmentIncomeNet": "None", "netInterestIncome": "None", "interestIncome": "None", "interestExpense": "731000000", "nonInterestIncome": "None", "otherNonOperatingIncome": "None", "depreciation": "None", "depreciationAndAmortization": "478000000", "incomeBeforeTax": "2381000000", "incomeTaxExpense": "749000000", "interestAndDebtExpense": "None", "netIncomeFromContinuingOperations": "1632000000", "comprehensiveIncomeNetOfTax": "None", "ebit": "2381000000", "ebitda": "2859000000", "netIncome": "1597000000"}, {"fiscalDateEnding": "2016-06-30", "reportedCurrency": "USD", "grossProfit": "8425000000", "totalRevenue": "9179000000", "costOfRevenue": "754000000", "costofGoodsAndServicesSold": "754000000", "operatingIncome": "2483000000", "sellingGeneralAndAdministrative": "4015000000", "researchAndDevelopment": "0", "operatingExpenses": "5942000000", "investmentIncomeNet": "None", "netInterestIncome": "None", "interestIncome": "None", "interestExpense": "754000000", "nonInterestIncome": "None", "otherNonOperatingIncome": "None", "depreciation": "None", "depreciationAndAmortization": "464000000", "incomeBeforeTax": "2483000000", "incomeTaxExpense": "833000000", "interestAndDebtExpense": "None", "netIncomeFromContinuingOperations": "1650000000", "comprehensiveIncomeNetOfTax": "None", "ebit": "2483000000", "ebitda": "2947000000", "netIncome": "1582000000"}, {"fiscalDateEnding": "2016-03-31", "reportedCurrency": "USD", "grossProfit": "7327000000", "totalRevenue": "8175000000", "costOfRevenue": "848000000", "costofGoodsAndServicesSold": "848000000", "operatingIncome": "1738000000", "sellingGeneralAndAdministrative": "3683000000", "researchAndDevelopment": "0", "operatingExpenses": "5589000000", "investmentIncomeNet": "None", "netInterestIncome": "None", "interestIncome": "None", "interestExpense": "848000000", "nonInterestIncome": "None", "otherNonOperatingIncome": "None", "depreciation": "None", "depreciationAndAmortization": "415000000", "incomeBeforeTax": "1738000000", "incomeTaxExpense": "578000000", "interestAndDebtExpense": "None", "netIncomeFromContinuingOperations": "1160000000", "comprehensiveIncomeNetOfTax": "None", "ebit": "1738000000", "ebitda": "2153000000", "netIncome": "1134000000"}, {"fiscalDateEnding": "2015-12-31", "reportedCurrency": "USD", "grossProfit": "7281000000", "totalRevenue": "7758000000", "costOfRevenue": "477000000", "costofGoodsAndServicesSold": "477000000", "operatingIncome": "1439000000", "sellingGeneralAndAdministrative": "3650000000", "researchAndDevelopment": "0", "operatingExpenses": "5842000000", "investmentIncomeNet": "None", "netInterestIncome": "None", "interestIncome": "None", "interestExpense": "477000000", "nonInterestIncome": "None", "otherNonOperatingIncome": "None", "depreciation": "None", "depreciationAndAmortization": "410000000", "incomeBeforeTax": "1439000000", "incomeTaxExpense": "496000000", "interestAndDebtExpense": "None", "netIncomeFromContinuingOperations": "943000000", "comprehensiveIncomeNetOfTax": "None", "ebit": "1439000000", "ebitda": "1849000000", "netIncome": "908000000"}, {"fiscalDateEnding": "2015-09-30", "reportedCurrency": "USD", "grossProfit": "7282000000", "totalRevenue": "7971000000", "costOfRevenue": "689000000", "costofGoodsAndServicesSold": "689000000", "operatingIncome": "1474000000", "sellingGeneralAndAdministrative": "3437000000", "researchAndDevelopment": "0", "operatingExpenses": "5808000000", "investmentIncomeNet": "None", "netInterestIncome": "None", "interestIncome": "None", "interestExpense": "689000000", "nonInterestIncome": "None", "otherNonOperatingIncome": "None", "depreciation": "None", "depreciationAndAmortization": "369000000", "incomeBeforeTax": "1474000000", "incomeTaxExpense": "423000000", "interestAndDebtExpense": "None", "netIncomeFromContinuingOperations": "1051000000", "comprehensiveIncomeNetOfTax": "None", "ebit": "1474000000", "ebitda": "1843000000", "netIncome": "1018000000"}, {"fiscalDateEnding": "2015-06-30", "reportedCurrency": "USD", "grossProfit": "9256000000", "totalRevenue": "9944000000", "costOfRevenue": "688000000", "costofGoodsAndServicesSold": "688000000", "operatingIncome": "2727000000", "sellingGeneralAndAdministrative": "4405000000", "researchAndDevelopment": "0", "operatingExpenses": "6529000000", "investmentIncomeNet": "None", "netInterestIncome": "None", "interestIncome": "None", "interestExpense": "688000000", "nonInterestIncome": "None", "otherNonOperatingIncome": "None", "depreciation": "None", "depreciationAndAmortization": "333000000", "incomeBeforeTax": "2727000000", "incomeTaxExpense": "894000000", "interestAndDebtExpense": "None", "netIncomeFromContinuingOperations": "1833000000", "comprehensiveIncomeNetOfTax": "None", "ebit": "2727000000", "ebitda": "3060000000", "netIncome": "1807000000"}, {"fiscalDateEnding": "2015-03-31", "reportedCurrency": "USD", "grossProfit": "9444000000", "totalRevenue": "10332000000", "costOfRevenue": "888000000", "costofGoodsAndServicesSold": "888000000", "operatingIncome": "2855000000", "sellingGeneralAndAdministrative": "4524000000", "researchAndDevelopment": "0", "operatingExpenses": "6589000000", "investmentIncomeNet": "None", "netInterestIncome": "None", "interestIncome": "None", "interestExpense": "888000000", "nonInterestIncome": "None", "otherNonOperatingIncome": "None", "depreciation": "None", "depreciationAndAmortization": "321000000", "incomeBeforeTax": "2855000000", "incomeTaxExpense": "387000000", "interestAndDebtExpense": "None", "netIncomeFromContinuingOperations": "2468000000", "comprehensiveIncomeNetOfTax": "None", "ebit": "2855000000", "ebitda": "3176000000", "netIncome": "2394000000"}, {"fiscalDateEnding": "2014-12-31", "reportedCurrency": "USD", "grossProfit": "7296000000", "totalRevenue": "8129000000", "costOfRevenue": "833000000", "costofGoodsAndServicesSold": "833000000", "operatingIncome": "-2931000000", "sellingGeneralAndAdministrative": "5104000000", "researchAndDevelopment": "0", "operatingExpenses": "10227000000", "investmentIncomeNet": "None", "netInterestIncome": "None", "interestIncome": "None", "interestExpense": "833000000", "nonInterestIncome": "None", "otherNonOperatingIncome": "None", "depreciation": "None", "depreciationAndAmortization": "413000000", "incomeBeforeTax": "-2931000000", "incomeTaxExpense": "-1353000000", "interestAndDebtExpense": "None", "netIncomeFromContinuingOperations": "-1539000000", "comprehensiveIncomeNetOfTax": "None", "ebit": "-2931000000", "ebitda": "-2518000000", "netIncome": "-1630000000"}, {"fiscalDateEnding": "2014-09-30", "reportedCurrency": "USD", "grossProfit": "8470000000", "totalRevenue": "9297000000", "costOfRevenue": "827000000", "costofGoodsAndServicesSold": "827000000", "operatingIncome": "2220000000", "sellingGeneralAndAdministrative": "4214000000", "researchAndDevelopment": "0", "operatingExpenses": "6250000000", "investmentIncomeNet": "None", "netInterestIncome": "None", "interestIncome": "None", "interestExpense": "827000000", "nonInterestIncome": "None", "otherNonOperatingIncome": "None", "depreciation": "None", "depreciationAndAmortization": "136000000", "incomeBeforeTax": "2220000000", "incomeTaxExpense": "463000000", "interestAndDebtExpense": "None", "netIncomeFromContinuingOperations": "1757000000", "comprehensiveIncomeNetOfTax": "None", "ebit": "2220000000", "ebitda": "2356000000", "netIncome": "1693000000"}, {"fiscalDateEnding": "2014-06-30", "reportedCurrency": "USD", "grossProfit": "8150000000", "totalRevenue": "9133000000", "costOfRevenue": "983000000", "costofGoodsAndServicesSold": "983000000", "operatingIncome": "1932000000", "sellingGeneralAndAdministrative": "4200000000", "researchAndDevelopment": "0", "operatingExpenses": "6218000000", "investmentIncomeNet": "None", "netInterestIncome": "None", "interestIncome": "None", "interestExpense": "983000000", "nonInterestIncome": "None", "otherNonOperatingIncome": "None", "depreciation": "None", "depreciationAndAmortization": "286000000", "incomeBeforeTax": "1932000000", "incomeTaxExpense": "15000000", "interestAndDebtExpense": "None", "netIncomeFromContinuingOperations": "1918000000", "comprehensiveIncomeNetOfTax": "None", "ebit": "1932000000", "ebitda": "2218000000", "netIncome": "1899000000"}, {"fiscalDateEnding": "2014-03-31", "reportedCurrency": "USD", "grossProfit": "8553000000", "totalRevenue": "9588000000", "costOfRevenue": "1035000000", "costofGoodsAndServicesSold": "1035000000", "operatingIncome": "2370000000", "sellingGeneralAndAdministrative": "4306000000", "researchAndDevelopment": "0", "operatingExpenses": "6183000000", "investmentIncomeNet": "None", "netInterestIncome": "None", "interestIncome": "None", "interestExpense": "1035000000", "nonInterestIncome": "None", "otherNonOperatingIncome": "None", "depreciation": "None", "depreciationAndAmortization": "326000000", "incomeBeforeTax": "2370000000", "incomeTaxExpense": "785000000", "interestAndDebtExpense": "None", "netIncomeFromContinuingOperations": "1545000000", "comprehensiveIncomeNetOfTax": "None", "ebit": "2370000000", "ebitda": "2696000000", "netIncome": "1505000000"}, {"fiscalDateEnding": "2013-12-31", "reportedCurrency": "USD", "grossProfit": "7413000000", "totalRevenue": "8213000000", "costOfRevenue": "800000000", "costofGoodsAndServicesSold": "800000000", "operatingIncome": "-214000000", "sellingGeneralAndAdministrative": "3988000000", "researchAndDevelopment": "0", "operatingExpenses": "7627000000", "investmentIncomeNet": "None", "netInterestIncome": "None", "interestIncome": "None", "interestExpense": "800000000", "nonInterestIncome": "None", "otherNonOperatingIncome": "None", "depreciation": "None", "depreciationAndAmortization": "427000000", "incomeBeforeTax": "-214000000", "incomeTaxExpense": "-400000000", "interestAndDebtExpense": "None", "netIncomeFromContinuingOperations": "186000000", "comprehensiveIncomeNetOfTax": "None", "ebit": "-214000000", "ebitda": "213000000", "netIncome": "84000000"}, {"fiscalDateEnding": "2013-09-30", "reportedCurrency": "USD", "grossProfit": "7540000000", "totalRevenue": "8691000000", "costOfRevenue": "1151000000", "costofGoodsAndServicesSold": "1151000000", "operatingIncome": "1365000000", "sellingGeneralAndAdministrative": "3966000000", "researchAndDevelopment": "0", "operatingExpenses": "6175000000", "investmentIncomeNet": "None", "netInterestIncome": "None", "interestIncome": "None", "interestExpense": "1361000000", "nonInterestIncome": "None", "otherNonOperatingIncome": "None", "depreciation": "None", "depreciationAndAmortization": "368000000", "incomeBeforeTax": "1365000000", "incomeTaxExpense": "363000000", "interestAndDebtExpense": "None", "netIncomeFromContinuingOperations": "1000000000", "comprehensiveIncomeNetOfTax": "None", "ebit": "1365000000", "ebitda": "1733000000", "netIncome": "906000000"}, {"fiscalDateEnding": "2013-06-30", "reportedCurrency": "USD", "grossProfit": "8059000000", "totalRevenue": "9123000000", "costOfRevenue": "1064000000", "costofGoodsAndServicesSold": "1064000000", "operatingIncome": "1796000000", "sellingGeneralAndAdministrative": "4103000000", "researchAndDevelopment": "0", "operatingExpenses": "6263000000", "investmentIncomeNet": "None", "netInterestIncome": "None", "interestIncome": "None", "interestExpense": "1064000000", "nonInterestIncome": "None", "otherNonOperatingIncome": "None", "depreciation": "None", "depreciationAndAmortization": "356000000", "incomeBeforeTax": "1796000000", "incomeTaxExpense": "574000000", "interestAndDebtExpense": "None", "netIncomeFromContinuingOperations": "1220000000", "comprehensiveIncomeNetOfTax": "None", "ebit": "1796000000", "ebitda": "2152000000", "netIncome": "980000000"}, {"fiscalDateEnding": "2013-03-31", "reportedCurrency": "USD", "grossProfit": "7722000000", "totalRevenue": "8928000000", "costOfRevenue": "1206000000", "costofGoodsAndServicesSold": "1206000000", "operatingIncome": "1583000000", "sellingGeneralAndAdministrative": "4214000000", "researchAndDevelopment": "0", "operatingExpenses": "6139000000", "investmentIncomeNet": "None", "netInterestIncome": "None", "interestIncome": "None", "interestExpense": "1206000000", "nonInterestIncome": "None", "otherNonOperatingIncome": "None", "depreciation": "None", "depreciationAndAmortization": "360000000", "incomeBeforeTax": "1583000000", "incomeTaxExpense": "333000000", "interestAndDebtExpense": "None", "netIncomeFromContinuingOperations": "1250000000", "comprehensiveIncomeNetOfTax": "None", "ebit": "1583000000", "ebitda": "1943000000", "netIncome": "962000000"}, {"fiscalDateEnding": "2012-12-31", "reportedCurrency": "USD", "grossProfit": "5218000000", "totalRevenue": "6521000000", "costOfRevenue": "1303000000", "costofGoodsAndServicesSold": "1303000000", "operatingIncome": "852000000", "sellingGeneralAndAdministrative": "2190000000", "researchAndDevelopment": "0", "operatingExpenses": "4366000000", "investmentIncomeNet": "None", "netInterestIncome": "None", "interestIncome": "None", "interestExpense": "1303000000", "nonInterestIncome": "None", "otherNonOperatingIncome": "None", "depreciation": "None", "depreciationAndAmortization": "363000000", "incomeBeforeTax": "852000000", "incomeTaxExpense": "5000000", "interestAndDebtExpense": "None", "netIncomeFromContinuingOperations": "0", "comprehensiveIncomeNetOfTax": "None", "ebit": "852000000", "ebitda": "1215000000", "netIncome": "594000000"}, {"fiscalDateEnding": "2012-09-30", "reportedCurrency": "USD", "grossProfit": "4921000000", "totalRevenue": "6455000000", "costOfRevenue": "1534000000", "costofGoodsAndServicesSold": "1534000000", "operatingIncome": "-1483000000", "sellingGeneralAndAdministrative": "3928000000", "researchAndDevelopment": "0", "operatingExpenses": "6404000000", "investmentIncomeNet": "None", "netInterestIncome": "None", "interestIncome": "None", "interestExpense": "1534000000", "nonInterestIncome": "None", "otherNonOperatingIncome": "None", "depreciation": "None", "depreciationAndAmortization": "425000000", "incomeBeforeTax": "-1483000000", "incomeTaxExpense": "-525000000", "interestAndDebtExpense": "None", "netIncomeFromContinuingOperations": "0", "comprehensiveIncomeNetOfTax": "None", "ebit": "-1483000000", "ebitda": "-1058000000", "netIncome": "-1023000000"}, {"fiscalDateEnding": "2012-06-30", "reportedCurrency": "USD", "grossProfit": "6537000000", "totalRevenue": "8020000000", "costOfRevenue": "1483000000", "costofGoodsAndServicesSold": "1483000000", "operatingIncome": "937000000", "sellingGeneralAndAdministrative": "3631000000", "researchAndDevelopment": "0", "operatingExpenses": "5600000000", "investmentIncomeNet": "None", "netInterestIncome": "None", "interestIncome": "None", "interestExpense": "1483000000", "nonInterestIncome": "None", "otherNonOperatingIncome": "None", "depreciation": "None", "depreciationAndAmortization": "418000000", "incomeBeforeTax": "937000000", "incomeTaxExpense": "224000000", "interestAndDebtExpense": "None", "netIncomeFromContinuingOperations": "0", "comprehensiveIncomeNetOfTax": "None", "ebit": "937000000", "ebitda": "1355000000", "netIncome": "591000000"}, {"fiscalDateEnding": "2012-03-31", "reportedCurrency": "USD", "grossProfit": "6521000000", "totalRevenue": "8122000000", "costOfRevenue": "1601000000", "costofGoodsAndServicesSold": "1601000000", "operatingIncome": "202000000", "sellingGeneralAndAdministrative": "4430000000", "researchAndDevelopment": "0", "operatingExpenses": "6319000000", "investmentIncomeNet": "None", "netInterestIncome": "None", "interestIncome": "None", "interestExpense": "1601000000", "nonInterestIncome": "None", "otherNonOperatingIncome": "None", "depreciation": "None", "depreciationAndAmortization": "375000000", "incomeBeforeTax": "202000000", "incomeTaxExpense": "54000000", "interestAndDebtExpense": "None", "netIncomeFromContinuingOperations": "0", "comprehensiveIncomeNetOfTax": "None", "ebit": "202000000", "ebitda": "577000000", "netIncome": "-94000000"}, {"fiscalDateEnding": "2011-12-31", "reportedCurrency": "USD", "grossProfit": "3817000000", "totalRevenue": "5233000000", "costOfRevenue": "1416000000", "costofGoodsAndServicesSold": "1416000000", "operatingIncome": "-380000000", "sellingGeneralAndAdministrative": "2357000000", "researchAndDevelopment": "0", "operatingExpenses": "4197000000", "investmentIncomeNet": "None", "netInterestIncome": "None", "interestIncome": "None", "interestExpense": "1416000000", "nonInterestIncome": "None", "otherNonOperatingIncome": "None", "depreciation": "None", "depreciationAndAmortization": "217000000", "incomeBeforeTax": "-380000000", "incomeTaxExpense": "-278000000", "interestAndDebtExpense": "None", "netIncomeFromContinuingOperations": "0", "comprehensiveIncomeNetOfTax": "None", "ebit": "-380000000", "ebitda": "-163000000", "netIncome": "-250000000"}, {"fiscalDateEnding": "2011-09-30", "reportedCurrency": "USD", "grossProfit": "9810000000", "totalRevenue": "11418000000", "costOfRevenue": "1608000000", "costofGoodsAndServicesSold": "1608000000", "operatingIncome": "3685000000", "sellingGeneralAndAdministrative": "4094000000", "researchAndDevelopment": "0", "operatingExpenses": "6125000000", "investmentIncomeNet": "None", "netInterestIncome": "None", "interestIncome": "None", "interestExpense": "1608000000", "nonInterestIncome": "None", "otherNonOperatingIncome": "None", "depreciation": "None", "depreciationAndAmortization": "428000000", "incomeBeforeTax": "3685000000", "incomeTaxExpense": "1415000000", "interestAndDebtExpense": "None", "netIncomeFromContinuingOperations": "2268000000", "comprehensiveIncomeNetOfTax": "None", "ebit": "3685000000", "ebitda": "4113000000", "netIncome": "2199000000"}, {"fiscalDateEnding": "2011-06-30", "reportedCurrency": "USD", "grossProfit": "9207000000", "totalRevenue": "11236000000", "costOfRevenue": "2029000000", "costofGoodsAndServicesSold": "2029000000", "operatingIncome": "1970000000", "sellingGeneralAndAdministrative": "5476000000", "researchAndDevelopment": "0", "operatingExpenses": "7237000000", "investmentIncomeNet": "None", "netInterestIncome": "None", "interestIncome": "None", "interestExpense": "2029000000", "nonInterestIncome": "None", "otherNonOperatingIncome": "None", "depreciation": "None", "depreciationAndAmortization": "380000000", "incomeBeforeTax": "1970000000", "incomeTaxExpense": "538000000", "interestAndDebtExpense": "None", "netIncomeFromContinuingOperations": "1402000000", "comprehensiveIncomeNetOfTax": "None", "ebit": "1970000000", "ebitda": "2350000000", "netIncome": "1193000000"}, {"fiscalDateEnding": "2011-03-31", "reportedCurrency": "USD", "grossProfit": "7574000000", "totalRevenue": "9427000000", "costOfRevenue": "1853000000", "costofGoodsAndServicesSold": "1853000000", "operatingIncome": "901000000", "sellingGeneralAndAdministrative": "4725000000", "researchAndDevelopment": "0", "operatingExpenses": "6673000000", "investmentIncomeNet": "None", "netInterestIncome": "None", "interestIncome": "None", "interestExpense": "1853000000", "nonInterestIncome": "None", "otherNonOperatingIncome": "None", "depreciation": "None", "depreciationAndAmortization": "379000000", "incomeBeforeTax": "901000000", "incomeTaxExpense": "-244000000", "interestAndDebtExpense": "None", "netIncomeFromContinuingOperations": "1128000000", "comprehensiveIncomeNetOfTax": "None", "ebit": "901000000", "ebitda": "1280000000", "netIncome": "968000000"}, {"fiscalDateEnding": "2010-12-31", "reportedCurrency": "USD", "grossProfit": "5844000000", "totalRevenue": "7536000000", "costOfRevenue": "1692000000", "costofGoodsAndServicesSold": "1692000000", "operatingIncome": "1190000000", "sellingGeneralAndAdministrative": "1787000000", "researchAndDevelopment": "0", "operatingExpenses": "4654000000", "investmentIncomeNet": "None", "netInterestIncome": "None", "interestIncome": "None", "interestExpense": "1692000000", "nonInterestIncome": "None", "otherNonOperatingIncome": "None", "depreciation": "None", "depreciationAndAmortization": "-418000000", "incomeBeforeTax": "1190000000", "incomeTaxExpense": "89000000", "interestAndDebtExpense": "None", "netIncomeFromContinuingOperations": "0", "comprehensiveIncomeNetOfTax": "None", "ebit": "1190000000", "ebitda": "772000000", "netIncome": "836000000"}, {"fiscalDateEnding": "2010-09-30", "reportedCurrency": "USD", "grossProfit": "6780000000", "totalRevenue": "8528000000", "costOfRevenue": "1748000000", "costofGoodsAndServicesSold": "1748000000", "operatingIncome": "801000000", "sellingGeneralAndAdministrative": "4097000000", "researchAndDevelopment": "0", "operatingExpenses": "5979000000", "investmentIncomeNet": "None", "netInterestIncome": "None", "interestIncome": "None", "interestExpense": "1748000000", "nonInterestIncome": "None", "otherNonOperatingIncome": "None", "depreciation": "None", "depreciationAndAmortization": "646000000", "incomeBeforeTax": "801000000", "incomeTaxExpense": "-23000000", "interestAndDebtExpense": "None", "netIncomeFromContinuingOperations": "0", "comprehensiveIncomeNetOfTax": "None", "ebit": "801000000", "ebitda": "1447000000", "netIncome": "131000000"}, {"fiscalDateEnding": "2010-06-30", "reportedCurrency": "USD", "grossProfit": "7963000000", "totalRevenue": "9569000000", "costOfRevenue": "1606000000", "costofGoodsAndServicesSold": "1606000000", "operatingIncome": "1703000000", "sellingGeneralAndAdministrative": "4302000000", "researchAndDevelopment": "0", "operatingExpenses": "6260000000", "investmentIncomeNet": "None", "netInterestIncome": "None", "interestIncome": "None", "interestExpense": "1606000000", "nonInterestIncome": "None", "otherNonOperatingIncome": "None", "depreciation": "None", "depreciationAndAmortization": "1037000000", "incomeBeforeTax": "1703000000", "incomeTaxExpense": "240000000", "interestAndDebtExpense": "None", "netIncomeFromContinuingOperations": "0", "comprehensiveIncomeNetOfTax": "None", "ebit": "1703000000", "ebitda": "2740000000", "netIncome": "1960000000"}, {"fiscalDateEnding": "2010-03-31", "reportedCurrency": "USD", "grossProfit": "9072000000", "totalRevenue": "10440000000", "costOfRevenue": "1368000000", "costofGoodsAndServicesSold": "1368000000", "operatingIncome": "2515000000", "sellingGeneralAndAdministrative": "4811000000", "researchAndDevelopment": "0", "operatingExpenses": "6557000000", "investmentIncomeNet": "None", "netInterestIncome": "None", "interestIncome": "None", "interestExpense": "1368000000", "nonInterestIncome": "None", "otherNonOperatingIncome": "None", "depreciation": "None", "depreciationAndAmortization": "154000000", "incomeBeforeTax": "2515000000", "incomeTaxExpense": "436000000", "interestAndDebtExpense": "None", "netIncomeFromContinuingOperations": "0", "comprehensiveIncomeNetOfTax": "None", "ebit": "2515000000", "ebitda": "2669000000", "netIncome": "1776000000"}, {"fiscalDateEnding": "2009-12-31", "reportedCurrency": "USD", "grossProfit": "4645000000", "totalRevenue": "5698000000", "costOfRevenue": "1053000000", "costofGoodsAndServicesSold": "1053000000", "operatingIncome": "1169000000", "sellingGeneralAndAdministrative": "2603000000", "researchAndDevelopment": "0", "operatingExpenses": "3476000000", "investmentIncomeNet": "None", "netInterestIncome": "None", "interestIncome": "None", "interestExpense": "1053000000", "nonInterestIncome": "None", "otherNonOperatingIncome": "None", "depreciation": "None", "depreciationAndAmortization": "395000000", "incomeBeforeTax": "1169000000", "incomeTaxExpense": "279000000", "interestAndDebtExpense": "None", "netIncomeFromContinuingOperations": "0", "comprehensiveIncomeNetOfTax": "None", "ebit": "1169000000", "ebitda": "1564000000", "netIncome": "617000000"}, {"fiscalDateEnding": "2009-09-30", "reportedCurrency": "USD", "grossProfit": "8468000000", "totalRevenue": "9822000000", "costOfRevenue": "1354000000", "costofGoodsAndServicesSold": "1354000000", "operatingIncome": "1493000000", "sellingGeneralAndAdministrative": "5537000000", "researchAndDevelopment": "0", "operatingExpenses": "6975000000", "investmentIncomeNet": "None", "netInterestIncome": "None", "interestIncome": "None", "interestExpense": "1354000000", "nonInterestIncome": "None", "otherNonOperatingIncome": "None", "depreciation": "None", "depreciationAndAmortization": "466000000", "incomeBeforeTax": "1493000000", "incomeTaxExpense": "521000000", "interestAndDebtExpense": "None", "netIncomeFromContinuingOperations": "0", "comprehensiveIncomeNetOfTax": "None", "ebit": "1493000000", "ebitda": "1959000000", "netIncome": "757000000"}, {"fiscalDateEnding": "2009-06-30", "reportedCurrency": "USD", "grossProfit": "5197000000", "totalRevenue": "7042000000", "costOfRevenue": "1845000000", "costofGoodsAndServicesSold": "1845000000", "operatingIncome": "-584000000", "sellingGeneralAndAdministrative": "4383000000", "researchAndDevelopment": "0", "operatingExpenses": "5781000000", "investmentIncomeNet": "None", "netInterestIncome": "None", "interestIncome": "None", "interestExpense": "1845000000", "nonInterestIncome": "None", "otherNonOperatingIncome": "None", "depreciation": "None", "depreciationAndAmortization": "208000000", "incomeBeforeTax": "-584000000", "incomeTaxExpense": "-319000000", "interestAndDebtExpense": "None", "netIncomeFromContinuingOperations": "0", "comprehensiveIncomeNetOfTax": "None", "ebit": "-584000000", "ebitda": "-376000000", "netIncome": "149000000"}, {"fiscalDateEnding": "2009-03-31", "reportedCurrency": "USD", "grossProfit": "2897000000", "totalRevenue": "5206000000", "costOfRevenue": "2309000000", "costofGoodsAndServicesSold": "2309000000", "operatingIncome": "-630000000", "sellingGeneralAndAdministrative": "2508000000", "researchAndDevelopment": "0", "operatingExpenses": "3527000000", "investmentIncomeNet": "None", "netInterestIncome": "None", "interestIncome": "None", "interestExpense": "2309000000", "nonInterestIncome": "None", "otherNonOperatingIncome": "None", "depreciation": "None", "depreciationAndAmortization": "155000000", "incomeBeforeTax": "-630000000", "incomeTaxExpense": "-595000000", "interestAndDebtExpense": "None", "netIncomeFromContinuingOperations": "0", "comprehensiveIncomeNetOfTax": "None", "ebit": "-630000000", "ebitda": "-475000000", "netIncome": "-177000000"}, {"fiscalDateEnding": "2008-12-31", "reportedCurrency": "USD", "grossProfit": "-2825000000", "totalRevenue": "3173000000", "costOfRevenue": "5998000000", "costofGoodsAndServicesSold": "5998000000", "operatingIncome": "-3350000000", "sellingGeneralAndAdministrative": "1580000000", "researchAndDevelopment": "None", "operatingExpenses": "525000000", "investmentIncomeNet": "None", "netInterestIncome": "None", "interestIncome": "None", "interestExpense": "5998000000", "nonInterestIncome": "None", "otherNonOperatingIncome": "None", "depreciation": "None", "depreciationAndAmortization": "485000000", "incomeBeforeTax": "-3350000000", "incomeTaxExpense": "-1155000000", "interestAndDebtExpense": "None", "netIncomeFromContinuingOperations": "None", "comprehensiveIncomeNetOfTax": "None", "ebit": "-3350000000", "ebitda": "-2865000000", "netIncome": "-2295000000"}, {"fiscalDateEnding": "2008-09-30", "reportedCurrency": "USD", "grossProfit": "8057000000", "totalRevenue": "16707000000", "costOfRevenue": "8650000000", "costofGoodsAndServicesSold": "8650000000", "operatingIncome": "1956000000", "sellingGeneralAndAdministrative": "3695000000", "researchAndDevelopment": "0", "operatingExpenses": "6101000000", "investmentIncomeNet": "None", "netInterestIncome": "None", "interestIncome": "None", "interestExpense": "8650000000", "nonInterestIncome": "None", "otherNonOperatingIncome": "None", "depreciation": "None", "depreciationAndAmortization": "100000000", "incomeBeforeTax": "1956000000", "incomeTaxExpense": "531000000", "interestAndDebtExpense": "None", "netIncomeFromContinuingOperations": "0", "comprehensiveIncomeNetOfTax": "None", "ebit": "1956000000", "ebitda": "2056000000", "netIncome": "1425000000"}, {"fiscalDateEnding": "2008-06-30", "reportedCurrency": "USD", "grossProfit": "6529000000", "totalRevenue": "16542000000", "costOfRevenue": "10013000000", "costofGoodsAndServicesSold": "10013000000", "operatingIncome": "1465000000", "sellingGeneralAndAdministrative": "2960000000", "researchAndDevelopment": "0", "operatingExpenses": "5064000000", "investmentIncomeNet": "None", "netInterestIncome": "None", "interestIncome": "None", "interestExpense": "10013000000", "nonInterestIncome": "None", "otherNonOperatingIncome": "None", "depreciation": "None", "depreciationAndAmortization": "83000000", "incomeBeforeTax": "1465000000", "incomeTaxExpense": "439000000", "interestAndDebtExpense": "None", "netIncomeFromContinuingOperations": "0", "comprehensiveIncomeNetOfTax": "None", "ebit": "1465000000", "ebitda": "1548000000", "netIncome": "1026000000"}, {"fiscalDateEnding": "2008-03-31", "reportedCurrency": "USD", "grossProfit": "8322000000", "totalRevenue": "21184000000", "costOfRevenue": "12862000000", "costofGoodsAndServicesSold": "12862000000", "operatingIncome": "2216000000", "sellingGeneralAndAdministrative": "4071000000", "researchAndDevelopment": "0", "operatingExpenses": "6106000000", "investmentIncomeNet": "None", "netInterestIncome": "None", "interestIncome": "None", "interestExpense": "12862000000", "nonInterestIncome": "None", "otherNonOperatingIncome": "None", "depreciation": "None", "depreciationAndAmortization": "126000000", "incomeBeforeTax": "2216000000", "incomeTaxExpense": "665000000", "interestAndDebtExpense": "None", "netIncomeFromContinuingOperations": "0", "comprehensiveIncomeNetOfTax": "None", "ebit": "2216000000", "ebitda": "2342000000", "netIncome": "1551000000"}, {"fiscalDateEnding": "2007-12-31", "reportedCurrency": "USD", "grossProfit": "-2106000000", "totalRevenue": "13055000000", "costOfRevenue": "15161000000", "costofGoodsAndServicesSold": "15161000000", "operatingIncome": "-5739000000", "sellingGeneralAndAdministrative": "3187000000", "researchAndDevelopment": "0", "operatingExpenses": "3633000000", "investmentIncomeNet": "None", "netInterestIncome": "None", "interestIncome": "None", "interestExpense": "15161000000", "nonInterestIncome": "None", "otherNonOperatingIncome": "None", "depreciation": "None", "depreciationAndAmortization": "-3000000", "incomeBeforeTax": "-6478000000", "incomeTaxExpense": "-2598000000", "interestAndDebtExpense": "None", "netIncomeFromContinuingOperations": "0", "comprehensiveIncomeNetOfTax": "None", "ebit": "-5739000000", "ebitda": "-5742000000", "netIncome": "-3588000000"}, {"fiscalDateEnding": "2007-09-30", "reportedCurrency": "USD", "grossProfit": "7958000000", "totalRevenue": "21230000000", "costOfRevenue": "13272000000", "costofGoodsAndServicesSold": "13272000000", "operatingIncome": "2246000000", "sellingGeneralAndAdministrative": "3596000000", "researchAndDevelopment": "0", "operatingExpenses": "5712000000", "investmentIncomeNet": "None", "netInterestIncome": "None", "interestIncome": "None", "interestExpense": "13272000000", "nonInterestIncome": "None", "otherNonOperatingIncome": "None", "depreciation": "None", "depreciationAndAmortization": "224000000", "incomeBeforeTax": "2246000000", "incomeTaxExpense": "772000000", "interestAndDebtExpense": "None", "netIncomeFromContinuingOperations": "0", "comprehensiveIncomeNetOfTax": "None", "ebit": "2246000000", "ebitda": "2470000000", "netIncome": "1543000000"}, {"fiscalDateEnding": "2007-06-30", "reportedCurrency": "USD", "grossProfit": "10320000000", "totalRevenue": "26195000000", "costOfRevenue": "15875000000", "costofGoodsAndServicesSold": "15875000000", "operatingIncome": "3504000000", "sellingGeneralAndAdministrative": "4994000000", "researchAndDevelopment": "0", "operatingExpenses": "6816000000", "investmentIncomeNet": "None", "netInterestIncome": "None", "interestIncome": "None", "interestExpense": "15671000000", "nonInterestIncome": "None", "otherNonOperatingIncome": "None", "depreciation": "None", "depreciationAndAmortization": "50000000", "incomeBeforeTax": "3504000000", "incomeTaxExpense": "1141000000", "interestAndDebtExpense": "None", "netIncomeFromContinuingOperations": "0", "comprehensiveIncomeNetOfTax": "None", "ebit": "3504000000", "ebitda": "3554000000", "netIncome": "2582000000"}, {"fiscalDateEnding": "2007-03-31", "reportedCurrency": "USD", "grossProfit": "10998000000", "totalRevenue": "24678000000", "costOfRevenue": "13680000000", "costofGoodsAndServicesSold": "13680000000", "operatingIncome": "3820000000", "sellingGeneralAndAdministrative": "4992000000", "researchAndDevelopment": "0", "operatingExpenses": "7178000000", "investmentIncomeNet": "None", "netInterestIncome": "None", "interestIncome": "None", "interestExpense": "13485000000", "nonInterestIncome": "None", "otherNonOperatingIncome": "None", "depreciation": "None", "depreciationAndAmortization": "204000000", "incomeBeforeTax": "3820000000", "incomeTaxExpense": "1261000000", "interestAndDebtExpense": "None", "netIncomeFromContinuingOperations": "0", "comprehensiveIncomeNetOfTax": "None", "ebit": "3820000000", "ebitda": "4024000000", "netIncome": "2672000000"}, {"fiscalDateEnding": "2006-12-31", "reportedCurrency": "USD", "grossProfit": "7319000000", "totalRevenue": "18167000000", "costOfRevenue": "10848000000", "costofGoodsAndServicesSold": "10848000000", "operatingIncome": "3043000000", "sellingGeneralAndAdministrative": "3354000000", "researchAndDevelopment": "0", "operatingExpenses": "4276000000", "investmentIncomeNet": "None", "netInterestIncome": "None", "interestIncome": "None", "interestExpense": "10609000000", "nonInterestIncome": "None", "otherNonOperatingIncome": "None", "depreciation": "None", "depreciationAndAmortization": "338000000", "incomeBeforeTax": "2884000000", "incomeTaxExpense": "206000000", "interestAndDebtExpense": "None", "netIncomeFromContinuingOperations": "0", "comprehensiveIncomeNetOfTax": "None", "ebit": "3043000000", "ebitda": "3381000000", "netIncome": "2206000000"}, {"fiscalDateEnding": "2006-09-30", "reportedCurrency": "USD", "grossProfit": "6852000000", "totalRevenue": "18633000000", "costOfRevenue": "11781000000", "costofGoodsAndServicesSold": "11781000000", "operatingIncome": "2264000000", "sellingGeneralAndAdministrative": "3085000000", "researchAndDevelopment": "0", "operatingExpenses": "4588000000", "investmentIncomeNet": "None", "netInterestIncome": "None", "interestIncome": "None", "interestExpense": "11549000000", "nonInterestIncome": "None", "otherNonOperatingIncome": "None", "depreciation": "None", "depreciationAndAmortization": "173000000", "incomeBeforeTax": "2264000000", "incomeTaxExpense": "676000000", "interestAndDebtExpense": "None", "netIncomeFromContinuingOperations": "0", "comprehensiveIncomeNetOfTax": "None", "ebit": "2264000000", "ebitda": "2437000000", "netIncome": "1851000000"}, {"fiscalDateEnding": "2006-06-30", "reportedCurrency": "USD", "grossProfit": "8727000000", "totalRevenue": "18822000000", "costOfRevenue": "10095000000", "costofGoodsAndServicesSold": "10095000000", "operatingIncome": "2886000000", "sellingGeneralAndAdministrative": "3802000000", "researchAndDevelopment": "0", "operatingExpenses": "5841000000", "investmentIncomeNet": "None", "netInterestIncome": "None", "interestIncome": "None", "interestExpense": "9965000000", "nonInterestIncome": "None", "otherNonOperatingIncome": "None", "depreciation": "None", "depreciationAndAmortization": "186000000", "incomeBeforeTax": "2886000000", "incomeTaxExpense": "1058000000", "interestAndDebtExpense": "None", "netIncomeFromContinuingOperations": "0", "comprehensiveIncomeNetOfTax": "None", "ebit": "2886000000", "ebitda": "3072000000", "netIncome": "1841000000"}, {"fiscalDateEnding": "2006-03-31", "reportedCurrency": "USD", "grossProfit": "8552000000", "totalRevenue": "18168000000", "costOfRevenue": "9616000000", "costofGoodsAndServicesSold": "9616000000", "operatingIncome": "2391000000", "sellingGeneralAndAdministrative": "4242000000", "researchAndDevelopment": "0", "operatingExpenses": "6161000000", "investmentIncomeNet": "None", "netInterestIncome": "None", "interestIncome": "None", "interestExpense": "9461000000", "nonInterestIncome": "None", "otherNonOperatingIncome": "None", "depreciation": "None", "depreciationAndAmortization": "179000000", "incomeBeforeTax": "2391000000", "incomeTaxExpense": "789000000", "interestAndDebtExpense": "None", "netIncomeFromContinuingOperations": "0", "comprehensiveIncomeNetOfTax": "None", "ebit": "2391000000", "ebitda": "2570000000", "netIncome": "1574000000"}, {"fiscalDateEnding": "2005-12-31", "reportedCurrency": "USD", "grossProfit": "6651000000", "totalRevenue": "15214000000", "costOfRevenue": "8563000000", "costofGoodsAndServicesSold": "8563000000", "operatingIncome": "2064000000", "sellingGeneralAndAdministrative": "2672000000", "researchAndDevelopment": "0", "operatingExpenses": "4587000000", "investmentIncomeNet": "None", "netInterestIncome": "None", "interestIncome": "None", "interestExpense": "8253000000", "nonInterestIncome": "None", "otherNonOperatingIncome": "None", "depreciation": "None", "depreciationAndAmortization": "151000000", "incomeBeforeTax": "2064000000", "incomeTaxExpense": "318000000", "interestAndDebtExpense": "None", "netIncomeFromContinuingOperations": "0", "comprehensiveIncomeNetOfTax": "None", "ebit": "2064000000", "ebitda": "2215000000", "netIncome": "2465000000"}]}