{"symbol": "PCAR", "annualReports": [{"fiscalDateEnding": "2025-12-31", "reportedCurrency": "None", "grossProfit": "4617700000", "totalRevenue": "28444800000", "costOfRevenue": "23827100000", "costofGoodsAndServicesSold": "23827100000", "operatingIncome": "2961700000", "sellingGeneralAndAdministrative": "None", "researchAndDevelopment": "445500000", "operatingExpenses": "1656000000", "investmentIncomeNet": "None", "netInterestIncome": "None", "interestIncome": "None", "interestExpense": "346500000", "nonInterestIncome": "None", "otherNonOperatingIncome": "None", "depreciation": "None", "depreciationAndAmortization": "827400000", "incomeBeforeTax": "3023500000", "incomeTaxExpense": "647700000", "interestAndDebtExpense": "None", "netIncomeFromContinuingOperations": "None", "comprehensiveIncomeNetOfTax": "None", "ebit": "3370000000", "ebitda": "4197400000", "netIncome": "2375800000"}, {"fiscalDateEnding": "2024-12-31", "reportedCurrency": "USD", "grossProfit": "6709600000", "totalRevenue": "33663800000", "costOfRevenue": "26954200000", "costofGoodsAndServicesSold": "26954200000", "operatingIncome": "4892400000", "sellingGeneralAndAdministrative": "744000000", "researchAndDevelopment": "452900000", "operatingExpenses": "1817200000", "investmentIncomeNet": "None", "netInterestIncome": "113800000", "interestIncome": "None", "interestExpense": "31100000", "nonInterestIncome": "None", "otherNonOperatingIncome": "None", "depreciation": "None", "depreciationAndAmortization": "916900000", "incomeBeforeTax": "5400900000", "incomeTaxExpense": "1238900000", "interestAndDebtExpense": "None", "netIncomeFromContinuingOperations": "4162000000", "comprehensiveIncomeNetOfTax": "None", "ebit": "4892400000", "ebitda": "5809300000", "netIncome": "4162000000"}, {"fiscalDateEnding": "2023-12-31", "reportedCurrency": "USD", "grossProfit": "6421300000", "totalRevenue": "35127400000", "costOfRevenue": "26894200000", "costofGoodsAndServicesSold": "26894200000", "operatingIncome": "5406100000", "sellingGeneralAndAdministrative": "754000000", "researchAndDevelopment": "410900000", "operatingExpenses": "1015200000", "investmentIncomeNet": "None", "netInterestIncome": "-525100000", "interestIncome": "None", "interestExpense": "520400000", "nonInterestIncome": "None", "otherNonOperatingIncome": "None", "depreciation": "None", "depreciationAndAmortization": "923900000", "incomeBeforeTax": "4885700000", "incomeTaxExpense": "284900000", "interestAndDebtExpense": "None", "netIncomeFromContinuingOperations": "4104800000", "comprehensiveIncomeNetOfTax": "None", "ebit": "5406100000", "ebitda": "5406100000", "netIncome": "4600800000"}, {"fiscalDateEnding": "2022-12-31", "reportedCurrency": "USD", "grossProfit": "5226500000", "totalRevenue": "28819700000", "costOfRevenue": "23593200000", "costofGoodsAndServicesSold": "23593200000", "operatingIncome": "3678600000", "sellingGeneralAndAdministrative": "726300000", "researchAndDevelopment": "341200000", "operatingExpenses": "1547900000", "investmentIncomeNet": "None", "netInterestIncome": "109100000", "interestIncome": "120400000", "interestExpense": "109100000", "nonInterestIncome": "None", "otherNonOperatingIncome": "170100000", "depreciation": "None", "depreciationAndAmortization": "790200000", "incomeBeforeTax": "3848700000", "incomeTaxExpense": "837100000", "interestAndDebtExpense": "None", "netIncomeFromContinuingOperations": "3011600000", "comprehensiveIncomeNetOfTax": "None", "ebit": "3678600000", "ebitda": "4468800000", "netIncome": "3011600000"}, {"fiscalDateEnding": "2021-12-31", "reportedCurrency": "USD", "grossProfit": "4279000000", "totalRevenue": "23522300000", "costOfRevenue": "19243300000", "costofGoodsAndServicesSold": "19243300000", "operatingIncome": "2308200000", "sellingGeneralAndAdministrative": "676800000", "researchAndDevelopment": "324100000", "operatingExpenses": "1970800000", "investmentIncomeNet": "None", "netInterestIncome": "-1047700000", "interestIncome": "72600000", "interestExpense": "4099999", "nonInterestIncome": "None", "otherNonOperatingIncome": "88100000", "depreciation": "None", "depreciationAndAmortization": "969400000", "incomeBeforeTax": "2396300000", "incomeTaxExpense": "530800000", "interestAndDebtExpense": "None", "netIncomeFromContinuingOperations": "1852100000", "comprehensiveIncomeNetOfTax": "None", "ebit": "2308200000", "ebitda": "3277600000", "netIncome": "1865500000"}, {"fiscalDateEnding": "2020-12-31", "reportedCurrency": "USD", "grossProfit": "3463700000", "totalRevenue": "18728500000", "costOfRevenue": "15264800000", "costofGoodsAndServicesSold": "15264800000", "operatingIncome": "1662400000", "sellingGeneralAndAdministrative": "581400000", "researchAndDevelopment": "273900000", "operatingExpenses": "3463700000", "investmentIncomeNet": "None", "netInterestIncome": "54100000", "interestIncome": "54100000", "interestExpense": "1200100000", "nonInterestIncome": "None", "otherNonOperatingIncome": "90000000", "depreciation": "None", "depreciationAndAmortization": "1049000000", "incomeBeforeTax": "1661600000", "incomeTaxExpense": "360400000", "interestAndDebtExpense": "None", "netIncomeFromContinuingOperations": "1298400000", "comprehensiveIncomeNetOfTax": "None", "ebit": "1571600000", "ebitda": "2620600000", "netIncome": "1301200000"}, {"fiscalDateEnding": "2019-12-31", "reportedCurrency": "USD", "grossProfit": "4813600000", "totalRevenue": "25599700000", "costOfRevenue": "20786100000", "costofGoodsAndServicesSold": "20786100000", "operatingIncome": "2974900000", "sellingGeneralAndAdministrative": "698500000", "researchAndDevelopment": "326600000", "operatingExpenses": "1838700000", "investmentIncomeNet": "None", "netInterestIncome": "42000000", "interestIncome": "42000000", "interestExpense": "206600000", "nonInterestIncome": "None", "otherNonOperatingIncome": "124300000", "depreciation": "None", "depreciationAndAmortization": "1077300000", "incomeBeforeTax": "3099200000", "incomeTaxExpense": "711300000", "interestAndDebtExpense": "None", "netIncomeFromContinuingOperations": "2387900000", "comprehensiveIncomeNetOfTax": "None", "ebit": "2974900000", "ebitda": "4052200000", "netIncome": "2387900000"}, {"fiscalDateEnding": "2018-12-31", "reportedCurrency": "USD", "grossProfit": "4383800000", "totalRevenue": "23495700000", "costOfRevenue": "19111900000", "costofGoodsAndServicesSold": "19111900000", "operatingIncome": "2688500000", "sellingGeneralAndAdministrative": "644700000", "researchAndDevelopment": "306100000", "operatingExpenses": "1695300000", "investmentIncomeNet": "None", "netInterestIncome": "60800000", "interestIncome": "60800000", "interestExpense": "182600000", "nonInterestIncome": "None", "otherNonOperatingIncome": "121700000", "depreciation": "None", "depreciationAndAmortization": "1054100000", "incomeBeforeTax": "2810200000", "incomeTaxExpense": "615100000", "interestAndDebtExpense": "None", "netIncomeFromContinuingOperations": "2195100000", "comprehensiveIncomeNetOfTax": "None", "ebit": "2688500000", "ebitda": "3742600000", "netIncome": "2195100000"}, {"fiscalDateEnding": "2017-12-31", "reportedCurrency": "USD", "grossProfit": "3677900000", "totalRevenue": "19456400000", "costOfRevenue": "15778500000", "costofGoodsAndServicesSold": "15778500000", "operatingIncome": "2091600000", "sellingGeneralAndAdministrative": "555000000", "researchAndDevelopment": "264700000", "operatingExpenses": "1586300000", "investmentIncomeNet": "None", "netInterestIncome": "-5600000", "interestIncome": "5600000", "interestExpense": "1700000", "nonInterestIncome": "None", "otherNonOperatingIncome": "29700000", "depreciation": "None", "depreciationAndAmortization": "1107500000", "incomeBeforeTax": "2173300000", "incomeTaxExpense": "498100000", "interestAndDebtExpense": "None", "netIncomeFromContinuingOperations": "1675200000", "comprehensiveIncomeNetOfTax": "None", "ebit": "2091600000", "ebitda": "3199100000", "netIncome": "1675200000"}, {"fiscalDateEnding": "2016-12-31", "reportedCurrency": "USD", "grossProfit": "3372500000", "totalRevenue": "17033300000", "costOfRevenue": "13660800000", "costofGoodsAndServicesSold": "13660800000", "operatingIncome": "1928900000", "sellingGeneralAndAdministrative": "540200000", "researchAndDevelopment": "247200000", "operatingExpenses": "1443600000", "investmentIncomeNet": "None", "netInterestIncome": "-11600000", "interestIncome": "11600000", "interestExpense": "10300000", "nonInterestIncome": "None", "otherNonOperatingIncome": "16000000", "depreciation": "None", "depreciationAndAmortization": "993100000", "incomeBeforeTax": "1130400000", "incomeTaxExpense": "608700000", "interestAndDebtExpense": "None", "netIncomeFromContinuingOperations": "521700000", "comprehensiveIncomeNetOfTax": "None", "ebit": "1928900000", "ebitda": "2922000000", "netIncome": "521700000"}, {"fiscalDateEnding": "2015-12-31", "reportedCurrency": "USD", "grossProfit": "3705000000", "totalRevenue": "19115100000", "costOfRevenue": "15410100000", "costofGoodsAndServicesSold": "15410100000", "operatingIncome": "2327600000", "sellingGeneralAndAdministrative": "541500000", "researchAndDevelopment": "239800000", "operatingExpenses": "1377400000", "investmentIncomeNet": "None", "netInterestIncome": "None", "interestIncome": "105500000", "interestExpense": "13400000", "nonInterestIncome": "None", "otherNonOperatingIncome": "9500000", "depreciation": "None", "depreciationAndAmortization": "907100000", "incomeBeforeTax": "2337100000", "incomeTaxExpense": "733100000", "interestAndDebtExpense": "None", "netIncomeFromContinuingOperations": "1604000000", "comprehensiveIncomeNetOfTax": "None", "ebit": "2327600000", "ebitda": "3234700000", "netIncome": "1604000000"}, {"fiscalDateEnding": "2014-12-31", "reportedCurrency": "USD", "grossProfit": "3381700000", "totalRevenue": "18997000000", "costOfRevenue": "15615300000", "costofGoodsAndServicesSold": "15615300000", "operatingIncome": "2000800000", "sellingGeneralAndAdministrative": "561400000", "researchAndDevelopment": "215600000", "operatingExpenses": "1380900000", "investmentIncomeNet": "None", "netInterestIncome": "None", "interestIncome": "None", "interestExpense": "3800000", "nonInterestIncome": "None", "otherNonOperatingIncome": "16800000", "depreciation": "None", "depreciationAndAmortization": "917700000", "incomeBeforeTax": "2017600000", "incomeTaxExpense": "658800000", "interestAndDebtExpense": "None", "netIncomeFromContinuingOperations": "1358800000", "comprehensiveIncomeNetOfTax": "None", "ebit": "2000800000", "ebitda": "2918500000", "netIncome": "1358800000"}, {"fiscalDateEnding": "2013-12-31", "reportedCurrency": "USD", "grossProfit": "3067200000", "totalRevenue": "17123800000", "costOfRevenue": "14056600000", "costofGoodsAndServicesSold": "14056600000", "operatingIncome": "1671700000", "sellingGeneralAndAdministrative": "559500000", "researchAndDevelopment": "251400000", "operatingExpenses": "1395500000", "investmentIncomeNet": "None", "netInterestIncome": "None", "interestIncome": "None", "interestExpense": "6700000", "nonInterestIncome": "None", "otherNonOperatingIncome": "-5300000", "depreciation": "None", "depreciationAndAmortization": "810700000", "incomeBeforeTax": "1695000000", "incomeTaxExpense": "523700000", "interestAndDebtExpense": "None", "netIncomeFromContinuingOperations": "1171300000", "comprehensiveIncomeNetOfTax": "None", "ebit": "1671700000", "ebitda": "2482400000", "netIncome": "1171300000"}, {"fiscalDateEnding": "2012-12-31", "reportedCurrency": "USD", "grossProfit": "2983800000", "totalRevenue": "17050500000", "costOfRevenue": "14066700000", "costofGoodsAndServicesSold": "14066700000", "operatingIncome": "1595500000", "sellingGeneralAndAdministrative": "571600000", "researchAndDevelopment": "279300000", "operatingExpenses": "1388300000", "investmentIncomeNet": "None", "netInterestIncome": "None", "interestIncome": "None", "interestExpense": "66500000", "nonInterestIncome": "None", "otherNonOperatingIncome": "300000", "depreciation": "None", "depreciationAndAmortization": "700900000", "incomeBeforeTax": "1628900000", "incomeTaxExpense": "517300000", "interestAndDebtExpense": "None", "netIncomeFromContinuingOperations": "1111600000", "comprehensiveIncomeNetOfTax": "None", "ebit": "1595500000", "ebitda": "2296400000", "netIncome": "1111600000"}, {"fiscalDateEnding": "2011-12-31", "reportedCurrency": "USD", "grossProfit": "2832100000", "totalRevenue": "16355200000", "costOfRevenue": "13523100000", "costofGoodsAndServicesSold": "13523100000", "operatingIncome": "1479400000", "sellingGeneralAndAdministrative": "546900000", "researchAndDevelopment": "288200000", "operatingExpenses": "1352700000", "investmentIncomeNet": "None", "netInterestIncome": "None", "interestIncome": "None", "interestExpense": "13500000", "nonInterestIncome": "None", "otherNonOperatingIncome": "-10700000", "depreciation": "None", "depreciationAndAmortization": "673800000", "incomeBeforeTax": "1506900000", "incomeTaxExpense": "464600000", "interestAndDebtExpense": "None", "netIncomeFromContinuingOperations": "1042300000", "comprehensiveIncomeNetOfTax": "None", "ebit": "1479400000", "ebitda": "2153200000", "netIncome": "1042300000"}, {"fiscalDateEnding": "2010-12-31", "reportedCurrency": "USD", "grossProfit": "1881100000", "totalRevenue": "10292900000", "costOfRevenue": "8411800000", "costofGoodsAndServicesSold": "8411800000", "operatingIncome": "648500000", "sellingGeneralAndAdministrative": "481500000", "researchAndDevelopment": "238500000", "operatingExpenses": "1232600000", "investmentIncomeNet": "None", "netInterestIncome": "None", "interestIncome": "None", "interestExpense": "700000", "nonInterestIncome": "None", "otherNonOperatingIncome": "11800000", "depreciation": "None", "depreciationAndAmortization": "623200000", "incomeBeforeTax": "660300000", "incomeTaxExpense": "202700000", "interestAndDebtExpense": "None", "netIncomeFromContinuingOperations": "457600000", "comprehensiveIncomeNetOfTax": "None", "ebit": "648500000", "ebitda": "1271700000", "netIncome": "457600000"}, {"fiscalDateEnding": "2009-12-31", "reportedCurrency": "USD", "grossProfit": "1101300000", "totalRevenue": "7584700000", "costOfRevenue": "6483400000", "costofGoodsAndServicesSold": "6483400000", "operatingIncome": "-79700000", "sellingGeneralAndAdministrative": "434900000", "researchAndDevelopment": "199200000", "operatingExpenses": "1181000000", "investmentIncomeNet": "None", "netInterestIncome": "None", "interestIncome": "None", "interestExpense": "20900000", "nonInterestIncome": "None", "otherNonOperatingIncome": "-21300000", "depreciation": "None", "depreciationAndAmortization": "651700000", "incomeBeforeTax": "175000000", "incomeTaxExpense": "63100000", "interestAndDebtExpense": "None", "netIncomeFromContinuingOperations": "111900000", "comprehensiveIncomeNetOfTax": "None", "ebit": "510400000", "ebitda": "1162100000", "netIncome": "111900000"}, {"fiscalDateEnding": "2008-12-31", "reportedCurrency": "USD", "grossProfit": "2552200000", "totalRevenue": "14289100000", "costOfRevenue": "11736900000", "costofGoodsAndServicesSold": "11736900000", "operatingIncome": "1088300000", "sellingGeneralAndAdministrative": "581400000", "researchAndDevelopment": "341800000", "operatingExpenses": "1463900000", "investmentIncomeNet": "None", "netInterestIncome": "None", "interestIncome": "None", "interestExpense": "866700000", "nonInterestIncome": "None", "otherNonOperatingIncome": "None", "depreciation": "None", "depreciationAndAmortization": "649400000", "incomeBeforeTax": "1464000000", "incomeTaxExpense": "446100000", "interestAndDebtExpense": "None", "netIncomeFromContinuingOperations": "None", "comprehensiveIncomeNetOfTax": "None", "ebit": "1858100000", "ebitda": "2507500000", "netIncome": "1017900000"}, {"fiscalDateEnding": "2007-12-31", "reportedCurrency": "USD", "grossProfit": "3304400000", "totalRevenue": "15221700000", "costOfRevenue": "11917300000", "costofGoodsAndServicesSold": "11917300000", "operatingIncome": "2446600000", "sellingGeneralAndAdministrative": "602300000", "researchAndDevelopment": "255500000", "operatingExpenses": "857800000", "investmentIncomeNet": "None", "netInterestIncome": "None", "interestIncome": "None", "interestExpense": "627900000", "nonInterestIncome": "None", "otherNonOperatingIncome": "None", "depreciation": "None", "depreciationAndAmortization": "526400000", "incomeBeforeTax": "1764300000", "incomeTaxExpense": "537000000", "interestAndDebtExpense": "None", "netIncomeFromContinuingOperations": "None", "comprehensiveIncomeNetOfTax": "None", "ebit": "2446600000", "ebitda": "2973000000", "netIncome": "1227300000"}, {"fiscalDateEnding": "2006-12-31", "reportedCurrency": "USD", "grossProfit": "3417500000", "totalRevenue": "16454100000", "costOfRevenue": "13036600000", "costofGoodsAndServicesSold": "13036600000", "operatingIncome": "2701200000", "sellingGeneralAndAdministrative": "587000000", "researchAndDevelopment": "163100000", "operatingExpenses": "716300000", "investmentIncomeNet": "None", "netInterestIncome": "None", "interestIncome": "None", "interestExpense": "162900000", "nonInterestIncome": "None", "otherNonOperatingIncome": "None", "depreciation": "None", "depreciationAndAmortization": "434600000", "incomeBeforeTax": "2175300000", "incomeTaxExpense": "679300000", "interestAndDebtExpense": "None", "netIncomeFromContinuingOperations": "None", "comprehensiveIncomeNetOfTax": "None", "ebit": "2701200000", "ebitda": "3135800000", "netIncome": "1496000000"}], "quarterlyReports": [{"fiscalDateEnding": "2025-12-31", "reportedCurrency": "None", "grossProfit": "943500000", "totalRevenue": "6820800000", "costOfRevenue": "5877300000", "costofGoodsAndServicesSold": "5877300000", "operatingIncome": "602100000", "sellingGeneralAndAdministrative": "None", "researchAndDevelopment": "106200000", "operatingExpenses": "341400000", "investmentIncomeNet": "None", "netInterestIncome": "None", "interestIncome": "None", "interestExpense": "15200000", "nonInterestIncome": "None", "otherNonOperatingIncome": "None", "depreciation": "None", "depreciationAndAmortization": "209200000", "incomeBeforeTax": "704900000", "incomeTaxExpense": "148000000", "interestAndDebtExpense": "None", "netIncomeFromContinuingOperations": "None", "comprehensiveIncomeNetOfTax": "None", "ebit": "720100000", "ebitda": "929300000", "netIncome": "556900000"}, {"fiscalDateEnding": "2025-09-30", "reportedCurrency": "USD", "grossProfit": "1079200000", "totalRevenue": "6671800000", "costOfRevenue": "5592600000", "costofGoodsAndServicesSold": "5592600000", "operatingIncome": "636000000", "sellingGeneralAndAdministrative": "180200000", "researchAndDevelopment": "111000000", "operatingExpenses": "443200000", "investmentIncomeNet": "None", "netInterestIncome": "16800000", "interestIncome": "None", "interestExpense": "31800000", "nonInterestIncome": "None", "otherNonOperatingIncome": "None", "depreciation": "None", "depreciationAndAmortization": "205800000", "incomeBeforeTax": "743600000", "incomeTaxExpense": "153600000", "interestAndDebtExpense": "None", "netIncomeFromContinuingOperations": "590000000", "comprehensiveIncomeNetOfTax": "None", "ebit": "636000000", "ebitda": "841800000", "netIncome": "590000000"}, {"fiscalDateEnding": "2025-06-30", "reportedCurrency": "USD", "grossProfit": "1276300000", "totalRevenue": "7510500000", "costOfRevenue": "6234200000", "costofGoodsAndServicesSold": "6234200000", "operatingIncome": "838500000", "sellingGeneralAndAdministrative": "179300000", "researchAndDevelopment": "112900000", "operatingExpenses": "437800000", "investmentIncomeNet": "None", "netInterestIncome": "9500000", "interestIncome": "None", "interestExpense": "9500000", "nonInterestIncome": "None", "otherNonOperatingIncome": "None", "depreciation": "None", "depreciationAndAmortization": "207300000", "incomeBeforeTax": "931900000", "incomeTaxExpense": "208100000", "interestAndDebtExpense": "None", "netIncomeFromContinuingOperations": "723800000", "comprehensiveIncomeNetOfTax": "None", "ebit": "838500000", "ebitda": "1045800000", "netIncome": "723800000"}, {"fiscalDateEnding": "2025-03-31", "reportedCurrency": "USD", "grossProfit": "1318700000", "totalRevenue": "7441700000", "costOfRevenue": "6123000000", "costofGoodsAndServicesSold": "6123000000", "operatingIncome": "885100000", "sellingGeneralAndAdministrative": "181600000", "researchAndDevelopment": "115400000", "operatingExpenses": "433600000", "investmentIncomeNet": "None", "netInterestIncome": "-325800000", "interestIncome": "None", "interestExpense": "331300000", "nonInterestIncome": "None", "otherNonOperatingIncome": "None", "depreciation": "None", "depreciationAndAmortization": "205100000", "incomeBeforeTax": "643100000", "incomeTaxExpense": "138000000", "interestAndDebtExpense": "None", "netIncomeFromContinuingOperations": "505100000", "comprehensiveIncomeNetOfTax": "None", "ebit": "885100000", "ebitda": "1090200000", "netIncome": "505100000"}, {"fiscalDateEnding": "2024-12-31", "reportedCurrency": "USD", "grossProfit": "1470700000", "totalRevenue": "7907500000", "costOfRevenue": "6436800000", "costofGoodsAndServicesSold": "6436800000", "operatingIncome": "1005700000", "sellingGeneralAndAdministrative": "187400000", "researchAndDevelopment": "115300000", "operatingExpenses": "465000000", "investmentIncomeNet": "None", "netInterestIncome": "38900000", "interestIncome": "None", "interestExpense": "38900000", "nonInterestIncome": "None", "otherNonOperatingIncome": "None", "depreciation": "None", "depreciationAndAmortization": "223200000", "incomeBeforeTax": "1149300000", "incomeTaxExpense": "277300000", "interestAndDebtExpense": "None", "netIncomeFromContinuingOperations": "872000000", "comprehensiveIncomeNetOfTax": "None", "ebit": "1005700000", "ebitda": "1228900000", "netIncome": "872000000"}, {"fiscalDateEnding": "2024-09-30", "reportedCurrency": "USD", "grossProfit": "1579700000", "totalRevenue": "8239900000", "costOfRevenue": "6660200000", "costofGoodsAndServicesSold": "6660200000", "operatingIncome": "1123300000", "sellingGeneralAndAdministrative": "186500000", "researchAndDevelopment": "115000000", "operatingExpenses": "456400000", "investmentIncomeNet": "None", "netInterestIncome": "24300000", "interestIncome": "None", "interestExpense": "24300000", "nonInterestIncome": "None", "otherNonOperatingIncome": "None", "depreciation": "None", "depreciationAndAmortization": "226800000", "incomeBeforeTax": "1256300000", "incomeTaxExpense": "284200000", "interestAndDebtExpense": "None", "netIncomeFromContinuingOperations": "972100000", "comprehensiveIncomeNetOfTax": "None", "ebit": "1123300000", "ebitda": "1350100000", "netIncome": "972100000"}, {"fiscalDateEnding": "2024-06-30", "reportedCurrency": "USD", "grossProfit": "1789100000", "totalRevenue": "8772100000", "costOfRevenue": "6983000000", "costofGoodsAndServicesSold": "6983000000", "operatingIncome": "1341400000", "sellingGeneralAndAdministrative": "183500000", "researchAndDevelopment": "117100000", "operatingExpenses": "447700000", "investmentIncomeNet": "None", "netInterestIncome": "23600000", "interestIncome": "None", "interestExpense": "3300000", "nonInterestIncome": "None", "otherNonOperatingIncome": "None", "depreciation": "None", "depreciationAndAmortization": "231900000", "incomeBeforeTax": "1460800000", "incomeTaxExpense": "338200000", "interestAndDebtExpense": "None", "netIncomeFromContinuingOperations": "1122600000", "comprehensiveIncomeNetOfTax": "None", "ebit": "1341400000", "ebitda": "1573300000", "netIncome": "1122600000"}, {"fiscalDateEnding": "2024-03-31", "reportedCurrency": "USD", "grossProfit": "1870100000", "totalRevenue": "8744300000", "costOfRevenue": "6874200000", "costofGoodsAndServicesSold": "6874200000", "operatingIncome": "1422000000", "sellingGeneralAndAdministrative": "186600000", "researchAndDevelopment": "105500000", "operatingExpenses": "448100000", "investmentIncomeNet": "None", "netInterestIncome": "27000000", "interestIncome": "None", "interestExpense": "134900000", "nonInterestIncome": "None", "otherNonOperatingIncome": "None", "depreciation": "None", "depreciationAndAmortization": "235000000", "incomeBeforeTax": "1534500000", "incomeTaxExpense": "339200000", "interestAndDebtExpense": "None", "netIncomeFromContinuingOperations": "1195300000", "comprehensiveIncomeNetOfTax": "None", "ebit": "1422000000", "ebitda": "1657000000", "netIncome": "1195300000"}, {"fiscalDateEnding": "2023-12-31", "reportedCurrency": "USD", "grossProfit": "1963000000", "totalRevenue": "9076600000", "costOfRevenue": "7113600000", "costofGoodsAndServicesSold": "7113600000", "operatingIncome": "1517200000", "sellingGeneralAndAdministrative": "194100000", "researchAndDevelopment": "108900000", "operatingExpenses": "445800000", "investmentIncomeNet": "None", "netInterestIncome": "24400000", "interestIncome": "None", "interestExpense": "24400000", "nonInterestIncome": "None", "otherNonOperatingIncome": "None", "depreciation": "None", "depreciationAndAmortization": "245500000", "incomeBeforeTax": "1641300000", "incomeTaxExpense": "224000000", "interestAndDebtExpense": "None", "netIncomeFromContinuingOperations": "1417300000", "comprehensiveIncomeNetOfTax": "None", "ebit": "1517200000", "ebitda": "1762700000", "netIncome": "1417300000"}, {"fiscalDateEnding": "2023-09-30", "reportedCurrency": "USD", "grossProfit": "1906500000", "totalRevenue": "8696400000", "costOfRevenue": "6789900000", "costofGoodsAndServicesSold": "6789900000", "operatingIncome": "1447100000", "sellingGeneralAndAdministrative": "182300000", "researchAndDevelopment": "103500000", "operatingExpenses": "1906500000", "investmentIncomeNet": "None", "netInterestIncome": "16300000", "interestIncome": "None", "interestExpense": "53000000", "nonInterestIncome": "None", "otherNonOperatingIncome": "None", "depreciation": "None", "depreciationAndAmortization": "233900000", "incomeBeforeTax": "1589400000", "incomeTaxExpense": "360900000", "interestAndDebtExpense": "None", "netIncomeFromContinuingOperations": "1228500000", "comprehensiveIncomeNetOfTax": "None", "ebit": "1492300000", "ebitda": "1726200000", "netIncome": "1228500000"}, {"fiscalDateEnding": "2023-06-30", "reportedCurrency": "USD", "grossProfit": "1893500000", "totalRevenue": "8881100000", "costOfRevenue": "6987600000", "costofGoodsAndServicesSold": "6987600000", "operatingIncome": "1488100000", "sellingGeneralAndAdministrative": "181900000", "researchAndDevelopment": "101300000", "operatingExpenses": "405400000", "investmentIncomeNet": "None", "netInterestIncome": "17700000", "interestIncome": "None", "interestExpense": "17700000", "nonInterestIncome": "None", "otherNonOperatingIncome": "None", "depreciation": "None", "depreciationAndAmortization": "223400000", "incomeBeforeTax": "1568500000", "incomeTaxExpense": "347400000", "interestAndDebtExpense": "None", "netIncomeFromContinuingOperations": "1221100000", "comprehensiveIncomeNetOfTax": "None", "ebit": "1488100000", "ebitda": "1711500000", "netIncome": "1221100000"}, {"fiscalDateEnding": "2023-03-31", "reportedCurrency": "USD", "grossProfit": "1867500000", "totalRevenue": "8473300000", "costOfRevenue": "6605800000", "costofGoodsAndServicesSold": "6605800000", "operatingIncome": "1448800000", "sellingGeneralAndAdministrative": "195000000", "researchAndDevelopment": "97200000", "operatingExpenses": "418700000", "investmentIncomeNet": "None", "netInterestIncome": "-578800000", "interestIncome": "None", "interestExpense": "1200000", "nonInterestIncome": "None", "otherNonOperatingIncome": "-529800000", "depreciation": "None", "depreciationAndAmortization": "221100000", "incomeBeforeTax": "919000000", "incomeTaxExpense": "185100000", "interestAndDebtExpense": "None", "netIncomeFromContinuingOperations": "733900000", "comprehensiveIncomeNetOfTax": "None", "ebit": "1448800000", "ebitda": "1669900000", "netIncome": "733900000"}, {"fiscalDateEnding": "2022-12-31", "reportedCurrency": "USD", "grossProfit": "1531200000", "totalRevenue": "8129500000", "costOfRevenue": "6598300000", "costofGoodsAndServicesSold": "6598300000", "operatingIncome": "1119100000", "sellingGeneralAndAdministrative": "194800000", "researchAndDevelopment": "99900000", "operatingExpenses": "412100000", "investmentIncomeNet": "None", "netInterestIncome": "19700000", "interestIncome": "None", "interestExpense": "9900000", "nonInterestIncome": "None", "otherNonOperatingIncome": "56400000", "depreciation": "None", "depreciationAndAmortization": "204600000", "incomeBeforeTax": "1175500000", "incomeTaxExpense": "254200000", "interestAndDebtExpense": "None", "netIncomeFromContinuingOperations": "921300000", "comprehensiveIncomeNetOfTax": "None", "ebit": "1119100000", "ebitda": "1323700000", "netIncome": "921300000"}, {"fiscalDateEnding": "2022-09-30", "reportedCurrency": "USD", "grossProfit": "1299100000", "totalRevenue": "7058900000", "costOfRevenue": "5759800000", "costofGoodsAndServicesSold": "5759800000", "operatingIncome": "923300000", "sellingGeneralAndAdministrative": "171000000", "researchAndDevelopment": "82900000", "operatingExpenses": "375800000", "investmentIncomeNet": "None", "netInterestIncome": "-158200000", "interestIncome": "35000000", "interestExpense": "193200000", "nonInterestIncome": "None", "otherNonOperatingIncome": "56400000", "depreciation": "None", "depreciationAndAmortization": "203000000", "incomeBeforeTax": "979700000", "incomeTaxExpense": "210300000", "interestAndDebtExpense": "None", "netIncomeFromContinuingOperations": "769400000", "comprehensiveIncomeNetOfTax": "None", "ebit": "923300000", "ebitda": "1126300000", "netIncome": "769400000"}, {"fiscalDateEnding": "2022-06-30", "reportedCurrency": "USD", "grossProfit": "1279900000", "totalRevenue": "7158700000", "costOfRevenue": "5878800000", "costofGoodsAndServicesSold": "5878800000", "operatingIncome": "894300000", "sellingGeneralAndAdministrative": "176800000", "researchAndDevelopment": "80400000", "operatingExpenses": "385600000", "investmentIncomeNet": "None", "netInterestIncome": "-169400000", "interestIncome": "22400000", "interestExpense": "6800000", "nonInterestIncome": "None", "otherNonOperatingIncome": "27800000", "depreciation": "None", "depreciationAndAmortization": "196900000", "incomeBeforeTax": "922100000", "incomeTaxExpense": "201700000", "interestAndDebtExpense": "None", "netIncomeFromContinuingOperations": "720400000", "comprehensiveIncomeNetOfTax": "None", "ebit": "894300000", "ebitda": "1091200000", "netIncome": "720400000"}, {"fiscalDateEnding": "2022-03-31", "reportedCurrency": "USD", "grossProfit": "1116300000", "totalRevenue": "6472600000", "costOfRevenue": "5356300000", "costofGoodsAndServicesSold": "5356300000", "operatingIncome": "741900000", "sellingGeneralAndAdministrative": "183700000", "researchAndDevelopment": "78000000", "operatingExpenses": "374400000", "investmentIncomeNet": "None", "netInterestIncome": "-151300000", "interestIncome": "32000000", "interestExpense": "183300000", "nonInterestIncome": "None", "otherNonOperatingIncome": "29500000", "depreciation": "None", "depreciationAndAmortization": "185700000", "incomeBeforeTax": "771400000", "incomeTaxExpense": "170900000", "interestAndDebtExpense": "None", "netIncomeFromContinuingOperations": "600500000", "comprehensiveIncomeNetOfTax": "None", "ebit": "741900000", "ebitda": "927600000", "netIncome": "600500000"}, {"fiscalDateEnding": "2021-12-31", "reportedCurrency": "USD", "grossProfit": "1018600000", "totalRevenue": "6686100000", "costOfRevenue": "5667500000", "costofGoodsAndServicesSold": "5667500000", "operatingIncome": "616000000", "sellingGeneralAndAdministrative": "182700000", "researchAndDevelopment": "87100000", "operatingExpenses": "402600000", "investmentIncomeNet": "None", "netInterestIncome": "-195400000", "interestIncome": "31000000", "interestExpense": "226400000", "nonInterestIncome": "None", "otherNonOperatingIncome": "35000000", "depreciation": "None", "depreciationAndAmortization": "211000000", "incomeBeforeTax": "651000000", "incomeTaxExpense": "139600000", "interestAndDebtExpense": "None", "netIncomeFromContinuingOperations": "511400000", "comprehensiveIncomeNetOfTax": "None", "ebit": "616000000", "ebitda": "827000000", "netIncome": "511400000"}, {"fiscalDateEnding": "2021-09-30", "reportedCurrency": "USD", "grossProfit": "859000000", "totalRevenue": "5146800000", "costOfRevenue": "4287800000", "costofGoodsAndServicesSold": "4287800000", "operatingIncome": "474400000", "sellingGeneralAndAdministrative": "168600000", "researchAndDevelopment": "72500000", "operatingExpenses": "384600000", "investmentIncomeNet": "None", "netInterestIncome": "11200000", "interestIncome": "11200000", "interestExpense": "10600000", "nonInterestIncome": "None", "otherNonOperatingIncome": "12800000", "depreciation": "None", "depreciationAndAmortization": "209900000", "incomeBeforeTax": "487200000", "incomeTaxExpense": "106700000", "interestAndDebtExpense": "None", "netIncomeFromContinuingOperations": "377700000", "comprehensiveIncomeNetOfTax": "None", "ebit": "474400000", "ebitda": "684300000", "netIncome": "380500000"}, {"fiscalDateEnding": "2021-06-30", "reportedCurrency": "USD", "grossProfit": "1020000000", "totalRevenue": "5843900000", "costOfRevenue": "4823900000", "costofGoodsAndServicesSold": "4823900000", "operatingIncome": "618100000", "sellingGeneralAndAdministrative": "164400000", "researchAndDevelopment": "84400000", "operatingExpenses": "401900000", "investmentIncomeNet": "None", "netInterestIncome": "17200000", "interestIncome": "17200000", "interestExpense": "318100000", "nonInterestIncome": "None", "otherNonOperatingIncome": "22200000", "depreciation": "None", "depreciationAndAmortization": "230700000", "incomeBeforeTax": "640300000", "incomeTaxExpense": "144800000", "interestAndDebtExpense": "None", "netIncomeFromContinuingOperations": "492900000", "comprehensiveIncomeNetOfTax": "None", "ebit": "618100000", "ebitda": "848800000", "netIncome": "495500000"}, {"fiscalDateEnding": "2021-03-31", "reportedCurrency": "USD", "grossProfit": "1000300000", "totalRevenue": "5845500000", "costOfRevenue": "4845200000", "costofGoodsAndServicesSold": "4845200000", "operatingIncome": "590200000", "sellingGeneralAndAdministrative": "129000000", "researchAndDevelopment": "80100000", "operatingExpenses": "410100000", "investmentIncomeNet": "None", "netInterestIncome": "13200000", "interestIncome": "13200000", "interestExpense": "10400000", "nonInterestIncome": "None", "otherNonOperatingIncome": "18100000", "depreciation": "None", "depreciationAndAmortization": "251700000", "incomeBeforeTax": "608300000", "incomeTaxExpense": "137500000", "interestAndDebtExpense": "None", "netIncomeFromContinuingOperations": "470100000", "comprehensiveIncomeNetOfTax": "None", "ebit": "590200000", "ebitda": "841900000", "netIncome": "470800000"}, {"fiscalDateEnding": "2020-12-31", "reportedCurrency": "USD", "grossProfit": "913800000", "totalRevenue": "5568600000", "costOfRevenue": "4654800000", "costofGoodsAndServicesSold": "4654800000", "operatingIncome": "507600000", "sellingGeneralAndAdministrative": "165500000", "researchAndDevelopment": "71700000", "operatingExpenses": "406200000", "investmentIncomeNet": "None", "netInterestIncome": "8500000", "interestIncome": "8500000", "interestExpense": "335600000", "nonInterestIncome": "None", "otherNonOperatingIncome": "14200000", "depreciation": "None", "depreciationAndAmortization": "269500000", "incomeBeforeTax": "521800000", "incomeTaxExpense": "116000000", "interestAndDebtExpense": "None", "netIncomeFromContinuingOperations": "405800000", "comprehensiveIncomeNetOfTax": "None", "ebit": "507600000", "ebitda": "777100000", "netIncome": "405800000"}, {"fiscalDateEnding": "2020-09-30", "reportedCurrency": "USD", "grossProfit": "833800000", "totalRevenue": "4936000000", "costOfRevenue": "4102200000", "costofGoodsAndServicesSold": "4102200000", "operatingIncome": "470500000", "sellingGeneralAndAdministrative": "131700000", "researchAndDevelopment": "64700000", "operatingExpenses": "363300000", "investmentIncomeNet": "None", "netInterestIncome": "13000000", "interestIncome": "13000000", "interestExpense": "2200000", "nonInterestIncome": "None", "otherNonOperatingIncome": "19400000", "depreciation": "None", "depreciationAndAmortization": "266200000", "incomeBeforeTax": "489900000", "incomeTaxExpense": "104400000", "interestAndDebtExpense": "None", "netIncomeFromContinuingOperations": "385500000", "comprehensiveIncomeNetOfTax": "None", "ebit": "470500000", "ebitda": "736700000", "netIncome": "385500000"}, {"fiscalDateEnding": "2020-06-30", "reportedCurrency": "USD", "grossProfit": "507100000", "totalRevenue": "3062200000", "costOfRevenue": "2555100000", "costofGoodsAndServicesSold": "2555100000", "operatingIncome": "155500000", "sellingGeneralAndAdministrative": "120200000", "researchAndDevelopment": "66500000", "operatingExpenses": "351600000", "investmentIncomeNet": "None", "netInterestIncome": "19500000", "interestIncome": "19500000", "interestExpense": "271000000", "nonInterestIncome": "None", "otherNonOperatingIncome": "28500000", "depreciation": "None", "depreciationAndAmortization": "241300000", "incomeBeforeTax": "184000000", "incomeTaxExpense": "36300000", "interestAndDebtExpense": "None", "netIncomeFromContinuingOperations": "147700000", "comprehensiveIncomeNetOfTax": "None", "ebit": "155500000", "ebitda": "396800000", "netIncome": "147700000"}, {"fiscalDateEnding": "2020-03-31", "reportedCurrency": "USD", "grossProfit": "848200000", "totalRevenue": "5161700000", "costOfRevenue": "4313500000", "costofGoodsAndServicesSold": "4313500000", "operatingIncome": "433300000", "sellingGeneralAndAdministrative": "164000000", "researchAndDevelopment": "71000000", "operatingExpenses": "414900000", "investmentIncomeNet": "None", "netInterestIncome": "13100000", "interestIncome": "13100000", "interestExpense": "9100000", "nonInterestIncome": "None", "otherNonOperatingIncome": "27900000", "depreciation": "None", "depreciationAndAmortization": "272000000", "incomeBeforeTax": "462200000", "incomeTaxExpense": "102800000", "interestAndDebtExpense": "None", "netIncomeFromContinuingOperations": "359400000", "comprehensiveIncomeNetOfTax": "None", "ebit": "433300000", "ebitda": "705300000", "netIncome": "359400000"}, {"fiscalDateEnding": "2019-12-31", "reportedCurrency": "USD", "grossProfit": "1088600000", "totalRevenue": "6117200000", "costOfRevenue": "5028600000", "costofGoodsAndServicesSold": "5028600000", "operatingIncome": "657400000", "sellingGeneralAndAdministrative": "183200000", "researchAndDevelopment": "83600000", "operatingExpenses": "431200000", "investmentIncomeNet": "None", "netInterestIncome": "10300000", "interestIncome": "10300000", "interestExpense": "50500000", "nonInterestIncome": "None", "otherNonOperatingIncome": "30400000", "depreciation": "None", "depreciationAndAmortization": "284900000", "incomeBeforeTax": "687800000", "incomeTaxExpense": "156500000", "interestAndDebtExpense": "None", "netIncomeFromContinuingOperations": "531300000", "comprehensiveIncomeNetOfTax": "None", "ebit": "657400000", "ebitda": "942300000", "netIncome": "531300000"}, {"fiscalDateEnding": "2019-09-30", "reportedCurrency": "USD", "grossProfit": "1161000000", "totalRevenue": "6367000000", "costOfRevenue": "5206000000", "costofGoodsAndServicesSold": "5206000000", "operatingIncome": "744900000", "sellingGeneralAndAdministrative": "172600000", "researchAndDevelopment": "82200000", "operatingExpenses": "416100000", "investmentIncomeNet": "None", "netInterestIncome": "11600000", "interestIncome": "11600000", "interestExpense": "53800000", "nonInterestIncome": "None", "otherNonOperatingIncome": "32700000", "depreciation": "None", "depreciationAndAmortization": "272100000", "incomeBeforeTax": "777600000", "incomeTaxExpense": "169700000", "interestAndDebtExpense": "None", "netIncomeFromContinuingOperations": "607900000", "comprehensiveIncomeNetOfTax": "None", "ebit": "744900000", "ebitda": "1017000000", "netIncome": "607900000"}, {"fiscalDateEnding": "2019-06-30", "reportedCurrency": "USD", "grossProfit": "1188100000", "totalRevenue": "6627900000", "costOfRevenue": "5439800000", "costofGoodsAndServicesSold": "5439800000", "operatingIncome": "782800000", "sellingGeneralAndAdministrative": "173300000", "researchAndDevelopment": "82500000", "operatingExpenses": "405300000", "investmentIncomeNet": "None", "netInterestIncome": "9800000", "interestIncome": "9800000", "interestExpense": "53400000", "nonInterestIncome": "None", "otherNonOperatingIncome": "31600000", "depreciation": "None", "depreciationAndAmortization": "261200000", "incomeBeforeTax": "814400000", "incomeTaxExpense": "194700000", "interestAndDebtExpense": "None", "netIncomeFromContinuingOperations": "619700000", "comprehensiveIncomeNetOfTax": "None", "ebit": "782800000", "ebitda": "1044000000", "netIncome": "619700000"}, {"fiscalDateEnding": "2019-03-31", "reportedCurrency": "USD", "grossProfit": "1183100000", "totalRevenue": "6487600000", "costOfRevenue": "5304500000", "costofGoodsAndServicesSold": "5304500000", "operatingIncome": "789800000", "sellingGeneralAndAdministrative": "169400000", "researchAndDevelopment": "78300000", "operatingExpenses": "393300000", "investmentIncomeNet": "None", "netInterestIncome": "10300000", "interestIncome": "10300000", "interestExpense": "48900000", "nonInterestIncome": "None", "otherNonOperatingIncome": "29600000", "depreciation": "None", "depreciationAndAmortization": "259100000", "incomeBeforeTax": "819400000", "incomeTaxExpense": "190400000", "interestAndDebtExpense": "None", "netIncomeFromContinuingOperations": "629000000", "comprehensiveIncomeNetOfTax": "None", "ebit": "789800000", "ebitda": "1048900000", "netIncome": "629000000"}, {"fiscalDateEnding": "2018-12-31", "reportedCurrency": "USD", "grossProfit": "1000400000", "totalRevenue": "6279700000", "costOfRevenue": "5279300000", "costofGoodsAndServicesSold": "5279300000", "operatingIncome": "714200000", "sellingGeneralAndAdministrative": "166200000", "researchAndDevelopment": "80500000", "operatingExpenses": "286200000", "investmentIncomeNet": "None", "netInterestIncome": "None", "interestIncome": "None", "interestExpense": "58100000", "nonInterestIncome": "None", "otherNonOperatingIncome": "38200000", "depreciation": "None", "depreciationAndAmortization": "259700000", "incomeBeforeTax": "752400000", "incomeTaxExpense": "174300000", "interestAndDebtExpense": "None", "netIncomeFromContinuingOperations": "578100000", "comprehensiveIncomeNetOfTax": "None", "ebit": "714200000", "ebitda": "973900000", "netIncome": "578100000"}, {"fiscalDateEnding": "2018-09-30", "reportedCurrency": "USD", "grossProfit": "1019900000", "totalRevenue": "5756800000", "costOfRevenue": "4736900000", "costofGoodsAndServicesSold": "4736900000", "operatingIncome": "645000000", "sellingGeneralAndAdministrative": "153500000", "researchAndDevelopment": "72900000", "operatingExpenses": "374900000", "investmentIncomeNet": "None", "netInterestIncome": "None", "interestIncome": "None", "interestExpense": "40200000", "nonInterestIncome": "None", "otherNonOperatingIncome": "23800000", "depreciation": "None", "depreciationAndAmortization": "252600000", "incomeBeforeTax": "668800000", "incomeTaxExpense": "123500000", "interestAndDebtExpense": "None", "netIncomeFromContinuingOperations": "545300000", "comprehensiveIncomeNetOfTax": "None", "ebit": "645000000", "ebitda": "897600000", "netIncome": "545300000"}, {"fiscalDateEnding": "2018-06-30", "reportedCurrency": "USD", "grossProfit": "1075700000", "totalRevenue": "5805200000", "costOfRevenue": "4729500000", "costofGoodsAndServicesSold": "4729500000", "operatingIncome": "688600000", "sellingGeneralAndAdministrative": "156800000", "researchAndDevelopment": "76700000", "operatingExpenses": "387100000", "investmentIncomeNet": "None", "netInterestIncome": "None", "interestIncome": "None", "interestExpense": "45600000", "nonInterestIncome": "None", "otherNonOperatingIncome": "31000000", "depreciation": "None", "depreciationAndAmortization": "268300000", "incomeBeforeTax": "719600000", "incomeTaxExpense": "160000000", "interestAndDebtExpense": "None", "netIncomeFromContinuingOperations": "559600000", "comprehensiveIncomeNetOfTax": "None", "ebit": "688600000", "ebitda": "956900000", "netIncome": "559600000"}, {"fiscalDateEnding": "2018-03-31", "reportedCurrency": "USD", "grossProfit": "1077200000", "totalRevenue": "5654000000", "costOfRevenue": "4576800000", "costofGoodsAndServicesSold": "4576800000", "operatingIncome": "640700000", "sellingGeneralAndAdministrative": "168200000", "researchAndDevelopment": "76000000", "operatingExpenses": "436500000", "investmentIncomeNet": "None", "netInterestIncome": "None", "interestIncome": "None", "interestExpense": "38700000", "nonInterestIncome": "None", "otherNonOperatingIncome": "28700000", "depreciation": "None", "depreciationAndAmortization": "273500000", "incomeBeforeTax": "669400000", "incomeTaxExpense": "157300000", "interestAndDebtExpense": "None", "netIncomeFromContinuingOperations": "512100000", "comprehensiveIncomeNetOfTax": "None", "ebit": "640700000", "ebitda": "914200000", "netIncome": "512100000"}, {"fiscalDateEnding": "2017-12-31", "reportedCurrency": "USD", "grossProfit": "865200000", "totalRevenue": "5454600000", "costOfRevenue": "4589400000", "costofGoodsAndServicesSold": "4589400000", "operatingIncome": "597300000", "sellingGeneralAndAdministrative": "143700000", "researchAndDevelopment": "70600000", "operatingExpenses": "267900000", "investmentIncomeNet": "None", "netInterestIncome": "None", "interestIncome": "None", "interestExpense": "3400000", "nonInterestIncome": "None", "otherNonOperatingIncome": "7000000", "depreciation": "None", "depreciationAndAmortization": "293200000", "incomeBeforeTax": "604300000", "incomeTaxExpense": "15100000", "interestAndDebtExpense": "None", "netIncomeFromContinuingOperations": "589200000", "comprehensiveIncomeNetOfTax": "None", "ebit": "597300000", "ebitda": "890500000", "netIncome": "589200000"}, {"fiscalDateEnding": "2017-09-30", "reportedCurrency": "USD", "grossProfit": "965800000", "totalRevenue": "5059700000", "costOfRevenue": "4093900000", "costofGoodsAndServicesSold": "4093900000", "operatingIncome": "563000000", "sellingGeneralAndAdministrative": "140700000", "researchAndDevelopment": "67000000", "operatingExpenses": "402800000", "investmentIncomeNet": "None", "netInterestIncome": "None", "interestIncome": "None", "interestExpense": "3200000", "nonInterestIncome": "None", "otherNonOperatingIncome": "5800000", "depreciation": "None", "depreciationAndAmortization": "286100000", "incomeBeforeTax": "581800000", "incomeTaxExpense": "179100000", "interestAndDebtExpense": "None", "netIncomeFromContinuingOperations": "402700000", "comprehensiveIncomeNetOfTax": "None", "ebit": "563000000", "ebitda": "849100000", "netIncome": "402700000"}, {"fiscalDateEnding": "2017-06-30", "reportedCurrency": "USD", "grossProfit": "902800000", "totalRevenue": "4704200000", "costOfRevenue": "3801400000", "costofGoodsAndServicesSold": "3801400000", "operatingIncome": "518400000", "sellingGeneralAndAdministrative": "134100000", "researchAndDevelopment": "66100000", "operatingExpenses": "384400000", "investmentIncomeNet": "None", "netInterestIncome": "None", "interestIncome": "None", "interestExpense": "2800000", "nonInterestIncome": "None", "otherNonOperatingIncome": "7200000", "depreciation": "None", "depreciationAndAmortization": "269000000", "incomeBeforeTax": "539000000", "incomeTaxExpense": "166000000", "interestAndDebtExpense": "None", "netIncomeFromContinuingOperations": "373000000", "comprehensiveIncomeNetOfTax": "None", "ebit": "518400000", "ebitda": "787400000", "netIncome": "373000000"}, {"fiscalDateEnding": "2017-03-31", "reportedCurrency": "USD", "grossProfit": "812900000", "totalRevenue": "4237900000", "costOfRevenue": "3425000000", "costofGoodsAndServicesSold": "3425000000", "operatingIncome": "426100000", "sellingGeneralAndAdministrative": "136500000", "researchAndDevelopment": "61000000", "operatingExpenses": "386800000", "investmentIncomeNet": "None", "netInterestIncome": "None", "interestIncome": "None", "interestExpense": "29900000", "nonInterestIncome": "None", "otherNonOperatingIncome": "9700000", "depreciation": "None", "depreciationAndAmortization": "259200000", "incomeBeforeTax": "448200000", "incomeTaxExpense": "137900000", "interestAndDebtExpense": "None", "netIncomeFromContinuingOperations": "310300000", "comprehensiveIncomeNetOfTax": "None", "ebit": "426100000", "ebitda": "685300000", "netIncome": "310300000"}, {"fiscalDateEnding": "2016-12-31", "reportedCurrency": "USD", "grossProfit": "669300000", "totalRevenue": "4070700000", "costOfRevenue": "3401400000", "costofGoodsAndServicesSold": "3401400000", "operatingIncome": "419300000", "sellingGeneralAndAdministrative": "139300000", "researchAndDevelopment": "67600000", "operatingExpenses": "250000000", "investmentIncomeNet": "None", "netInterestIncome": "None", "interestIncome": "None", "interestExpense": "7200000", "nonInterestIncome": "None", "otherNonOperatingIncome": "-400000", "depreciation": "None", "depreciationAndAmortization": "247500000", "incomeBeforeTax": "418900000", "incomeTaxExpense": "130100000", "interestAndDebtExpense": "None", "netIncomeFromContinuingOperations": "288800000", "comprehensiveIncomeNetOfTax": "None", "ebit": "419300000", "ebitda": "666800000", "netIncome": "288800000"}, {"fiscalDateEnding": "2016-09-30", "reportedCurrency": "USD", "grossProfit": "845700000", "totalRevenue": "4249400000", "costOfRevenue": "3403700000", "costofGoodsAndServicesSold": "3403700000", "operatingIncome": "488000000", "sellingGeneralAndAdministrative": "130800000", "researchAndDevelopment": "59200000", "operatingExpenses": "357700000", "investmentIncomeNet": "None", "netInterestIncome": "None", "interestIncome": "None", "interestExpense": "3200000", "nonInterestIncome": "None", "otherNonOperatingIncome": "6900000", "depreciation": "None", "depreciationAndAmortization": "250200000", "incomeBeforeTax": "494900000", "incomeTaxExpense": "148700000", "interestAndDebtExpense": "None", "netIncomeFromContinuingOperations": "346200000", "comprehensiveIncomeNetOfTax": "None", "ebit": "488000000", "ebitda": "738200000", "netIncome": "346200000"}, {"fiscalDateEnding": "2016-06-30", "reportedCurrency": "USD", "grossProfit": "891200000", "totalRevenue": "4413200000", "costOfRevenue": "3522000000", "costofGoodsAndServicesSold": "3522000000", "operatingIncome": "532700000", "sellingGeneralAndAdministrative": "135300000", "researchAndDevelopment": "60800000", "operatingExpenses": "358500000", "investmentIncomeNet": "None", "netInterestIncome": "None", "interestIncome": "None", "interestExpense": "2500000", "nonInterestIncome": "None", "otherNonOperatingIncome": "3900000", "depreciation": "None", "depreciationAndAmortization": "252900000", "incomeBeforeTax": "646200000", "incomeTaxExpense": "164900000", "interestAndDebtExpense": "None", "netIncomeFromContinuingOperations": "481300000", "comprehensiveIncomeNetOfTax": "None", "ebit": "532700000", "ebitda": "785600000", "netIncome": "481300000"}, {"fiscalDateEnding": "2016-03-31", "reportedCurrency": "USD", "grossProfit": "856100000", "totalRevenue": "4300000000", "costOfRevenue": "3443900000", "costofGoodsAndServicesSold": "3443900000", "operatingIncome": "507400000", "sellingGeneralAndAdministrative": "134800000", "researchAndDevelopment": "59600000", "operatingExpenses": "348700000", "investmentIncomeNet": "None", "netInterestIncome": "None", "interestIncome": "None", "interestExpense": "100000", "nonInterestIncome": "None", "otherNonOperatingIncome": "5600000", "depreciation": "None", "depreciationAndAmortization": "242500000", "incomeBeforeTax": "-429600000", "incomeTaxExpense": "165000000", "interestAndDebtExpense": "None", "netIncomeFromContinuingOperations": "-594600000", "comprehensiveIncomeNetOfTax": "None", "ebit": "507400000", "ebitda": "749900000", "netIncome": "-594600000"}, {"fiscalDateEnding": "2015-12-31", "reportedCurrency": "USD", "grossProfit": "738700000", "totalRevenue": "4355300000", "costOfRevenue": "3616600000", "costofGoodsAndServicesSold": "3616600000", "operatingIncome": "495100000", "sellingGeneralAndAdministrative": "145400000", "researchAndDevelopment": "66700000", "operatingExpenses": "243600000", "investmentIncomeNet": "None", "netInterestIncome": "None", "interestIncome": "None", "interestExpense": "18400000", "nonInterestIncome": "None", "otherNonOperatingIncome": "3600000", "depreciation": "None", "depreciationAndAmortization": "227800000", "incomeBeforeTax": "498700000", "incomeTaxExpense": "151500000", "interestAndDebtExpense": "None", "netIncomeFromContinuingOperations": "347200000", "comprehensiveIncomeNetOfTax": "None", "ebit": "495100000", "ebitda": "722900000", "netIncome": "347200000"}, {"fiscalDateEnding": "2015-09-30", "reportedCurrency": "USD", "grossProfit": "966700000", "totalRevenue": "4847200000", "costOfRevenue": "3880500000", "costofGoodsAndServicesSold": "3880500000", "operatingIncome": "623200000", "sellingGeneralAndAdministrative": "131000000", "researchAndDevelopment": "57600000", "operatingExpenses": "343500000", "investmentIncomeNet": "None", "netInterestIncome": "None", "interestIncome": "None", "interestExpense": "4900000", "nonInterestIncome": "None", "otherNonOperatingIncome": "1300000", "depreciation": "None", "depreciationAndAmortization": "230900000", "incomeBeforeTax": "624500000", "incomeTaxExpense": "193300000", "interestAndDebtExpense": "None", "netIncomeFromContinuingOperations": "431200000", "comprehensiveIncomeNetOfTax": "None", "ebit": "623200000", "ebitda": "854100000", "netIncome": "431200000"}, {"fiscalDateEnding": "2015-06-30", "reportedCurrency": "USD", "grossProfit": "989100000", "totalRevenue": "5079900000", "costOfRevenue": "4090800000", "costofGoodsAndServicesSold": "4090800000", "operatingIncome": "648200000", "sellingGeneralAndAdministrative": "132100000", "researchAndDevelopment": "59300000", "operatingExpenses": "340900000", "investmentIncomeNet": "None", "netInterestIncome": "None", "interestIncome": "None", "interestExpense": "1300000", "nonInterestIncome": "None", "otherNonOperatingIncome": "4000000", "depreciation": "None", "depreciationAndAmortization": "227300000", "incomeBeforeTax": "652200000", "incomeTaxExpense": "205000000", "interestAndDebtExpense": "None", "netIncomeFromContinuingOperations": "447200000", "comprehensiveIncomeNetOfTax": "None", "ebit": "648200000", "ebitda": "875500000", "netIncome": "447200000"}, {"fiscalDateEnding": "2015-03-31", "reportedCurrency": "USD", "grossProfit": "893400000", "totalRevenue": "4832700000", "costOfRevenue": "3939300000", "costofGoodsAndServicesSold": "3939300000", "operatingIncome": "561100000", "sellingGeneralAndAdministrative": "133000000", "researchAndDevelopment": "56200000", "operatingExpenses": "332300000", "investmentIncomeNet": "None", "netInterestIncome": "None", "interestIncome": "None", "interestExpense": "4500000", "nonInterestIncome": "None", "otherNonOperatingIncome": "600000", "depreciation": "None", "depreciationAndAmortization": "221100000", "incomeBeforeTax": "561700000", "incomeTaxExpense": "183300000", "interestAndDebtExpense": "None", "netIncomeFromContinuingOperations": "378400000", "comprehensiveIncomeNetOfTax": "None", "ebit": "561100000", "ebitda": "782200000", "netIncome": "378400000"}, {"fiscalDateEnding": "2014-12-31", "reportedCurrency": "USD", "grossProfit": "811700000", "totalRevenue": "5119100000", "costOfRevenue": "4307400000", "costofGoodsAndServicesSold": "4307400000", "operatingIncome": "573900000", "sellingGeneralAndAdministrative": "140100000", "researchAndDevelopment": "62500000", "operatingExpenses": "237800000", "investmentIncomeNet": "None", "netInterestIncome": "None", "interestIncome": "None", "interestExpense": "1500000", "nonInterestIncome": "None", "otherNonOperatingIncome": "15100000", "depreciation": "None", "depreciationAndAmortization": "240100000", "incomeBeforeTax": "577700000", "incomeTaxExpense": "183400000", "interestAndDebtExpense": "None", "netIncomeFromContinuingOperations": "394300000", "comprehensiveIncomeNetOfTax": "None", "ebit": "573900000", "ebitda": "814000000", "netIncome": "394300000"}, {"fiscalDateEnding": "2014-09-30", "reportedCurrency": "USD", "grossProfit": "889500000", "totalRevenue": "4928400000", "costOfRevenue": "4038900000", "costofGoodsAndServicesSold": "4038900000", "operatingIncome": "550200000", "sellingGeneralAndAdministrative": "136700000", "researchAndDevelopment": "50500000", "operatingExpenses": "339300000", "investmentIncomeNet": "None", "netInterestIncome": "None", "interestIncome": "None", "interestExpense": "3500000", "nonInterestIncome": "None", "otherNonOperatingIncome": "2200000", "depreciation": "None", "depreciationAndAmortization": "230100000", "incomeBeforeTax": "552400000", "incomeTaxExpense": "181000000", "interestAndDebtExpense": "None", "netIncomeFromContinuingOperations": "371400000", "comprehensiveIncomeNetOfTax": "None", "ebit": "550200000", "ebitda": "780300000", "netIncome": "371400000"}, {"fiscalDateEnding": "2014-06-30", "reportedCurrency": "USD", "grossProfit": "816500000", "totalRevenue": "4569600000", "costOfRevenue": "3753100000", "costofGoodsAndServicesSold": "3753100000", "operatingIncome": "474600000", "sellingGeneralAndAdministrative": "139600000", "researchAndDevelopment": "49900000", "operatingExpenses": "341900000", "investmentIncomeNet": "None", "netInterestIncome": "None", "interestIncome": "None", "interestExpense": "11900000", "nonInterestIncome": "None", "otherNonOperatingIncome": "900000", "depreciation": "None", "depreciationAndAmortization": "227700000", "incomeBeforeTax": "481000000", "incomeTaxExpense": "161800000", "interestAndDebtExpense": "None", "netIncomeFromContinuingOperations": "319200000", "comprehensiveIncomeNetOfTax": "None", "ebit": "474600000", "ebitda": "702300000", "netIncome": "319200000"}, {"fiscalDateEnding": "2014-03-31", "reportedCurrency": "USD", "grossProfit": "747800000", "totalRevenue": "4379900000", "costOfRevenue": "3632100000", "costofGoodsAndServicesSold": "3632100000", "operatingIncome": "402100000", "sellingGeneralAndAdministrative": "145000000", "researchAndDevelopment": "52700000", "operatingExpenses": "345700000", "investmentIncomeNet": "None", "netInterestIncome": "None", "interestIncome": "None", "interestExpense": "1400000", "nonInterestIncome": "None", "otherNonOperatingIncome": "-1400000", "depreciation": "None", "depreciationAndAmortization": "219800000", "incomeBeforeTax": "406500000", "incomeTaxExpense": "132600000", "interestAndDebtExpense": "None", "netIncomeFromContinuingOperations": "273900000", "comprehensiveIncomeNetOfTax": "None", "ebit": "402100000", "ebitda": "621900000", "netIncome": "273900000"}, {"fiscalDateEnding": "2013-12-31", "reportedCurrency": "USD", "grossProfit": "697200000", "totalRevenue": "4598900000", "costOfRevenue": "3901700000", "costofGoodsAndServicesSold": "3901700000", "operatingIncome": "479000000", "sellingGeneralAndAdministrative": "147600000", "researchAndDevelopment": "60900000", "operatingExpenses": "218200000", "investmentIncomeNet": "None", "netInterestIncome": "None", "interestIncome": "None", "interestExpense": "900000", "nonInterestIncome": "None", "otherNonOperatingIncome": "-900000", "depreciation": "None", "depreciationAndAmortization": "222000000", "incomeBeforeTax": "484900000", "incomeTaxExpense": "150700000", "interestAndDebtExpense": "None", "netIncomeFromContinuingOperations": "334200000", "comprehensiveIncomeNetOfTax": "None", "ebit": "479000000", "ebitda": "701000000", "netIncome": "334200000"}, {"fiscalDateEnding": "2013-09-30", "reportedCurrency": "USD", "grossProfit": "771100000", "totalRevenue": "4300100000", "costOfRevenue": "3529000000", "costofGoodsAndServicesSold": "3529000000", "operatingIncome": "436000000", "sellingGeneralAndAdministrative": "134700000", "researchAndDevelopment": "56600000", "operatingExpenses": "335100000", "investmentIncomeNet": "None", "netInterestIncome": "None", "interestIncome": "None", "interestExpense": "3300000", "nonInterestIncome": "None", "otherNonOperatingIncome": "-3300000", "depreciation": "None", "depreciationAndAmortization": "206400000", "incomeBeforeTax": "440000000", "incomeTaxExpense": "130600000", "interestAndDebtExpense": "None", "netIncomeFromContinuingOperations": "309400000", "comprehensiveIncomeNetOfTax": "None", "ebit": "436000000", "ebitda": "642400000", "netIncome": "309400000"}, {"fiscalDateEnding": "2013-06-30", "reportedCurrency": "USD", "grossProfit": "766500000", "totalRevenue": "4300500000", "costOfRevenue": "3534000000", "costofGoodsAndServicesSold": "3534000000", "operatingIncome": "424500000", "sellingGeneralAndAdministrative": "136000000", "researchAndDevelopment": "61800000", "operatingExpenses": "342000000", "investmentIncomeNet": "None", "netInterestIncome": "None", "interestIncome": "None", "interestExpense": "16400000", "nonInterestIncome": "None", "otherNonOperatingIncome": "400000", "depreciation": "None", "depreciationAndAmortization": "197600000", "incomeBeforeTax": "432900000", "incomeTaxExpense": "141300000", "interestAndDebtExpense": "None", "netIncomeFromContinuingOperations": "291600000", "comprehensiveIncomeNetOfTax": "None", "ebit": "424500000", "ebitda": "622100000", "netIncome": "291600000"}, {"fiscalDateEnding": "2013-03-31", "reportedCurrency": "USD", "grossProfit": "696100000", "totalRevenue": "3924300000", "costOfRevenue": "3228200000", "costofGoodsAndServicesSold": "3228200000", "operatingIncome": "332200000", "sellingGeneralAndAdministrative": "141200000", "researchAndDevelopment": "72100000", "operatingExpenses": "363900000", "investmentIncomeNet": "None", "netInterestIncome": "None", "interestIncome": "None", "interestExpense": "1500000", "nonInterestIncome": "None", "otherNonOperatingIncome": "-1500000", "depreciation": "None", "depreciationAndAmortization": "184700000", "incomeBeforeTax": "337200000", "incomeTaxExpense": "101100000", "interestAndDebtExpense": "None", "netIncomeFromContinuingOperations": "236100000", "comprehensiveIncomeNetOfTax": "None", "ebit": "332200000", "ebitda": "516900000", "netIncome": "236100000"}, {"fiscalDateEnding": "2012-12-31", "reportedCurrency": "USD", "grossProfit": "928100000", "totalRevenue": "4333900000", "costOfRevenue": "3405800000", "costofGoodsAndServicesSold": "3405800000", "operatingIncome": "568400000", "sellingGeneralAndAdministrative": "138600000", "researchAndDevelopment": "66400000", "operatingExpenses": "359700000", "investmentIncomeNet": "None", "netInterestIncome": "None", "interestIncome": "None", "interestExpense": "160000000", "nonInterestIncome": "None", "otherNonOperatingIncome": "100000", "depreciation": "None", "depreciationAndAmortization": "178500000", "incomeBeforeTax": "358200000", "incomeTaxExpense": "104700000", "interestAndDebtExpense": "None", "netIncomeFromContinuingOperations": "253500000", "comprehensiveIncomeNetOfTax": "None", "ebit": "206400000", "ebitda": "384900000", "netIncome": "253500000"}, {"fiscalDateEnding": "2012-09-30", "reportedCurrency": "USD", "grossProfit": "671100000", "totalRevenue": "3820200000", "costOfRevenue": "3149100000", "costofGoodsAndServicesSold": "3149100000", "operatingIncome": "337900000", "sellingGeneralAndAdministrative": "136500000", "researchAndDevelopment": "66800000", "operatingExpenses": "333200000", "investmentIncomeNet": "None", "netInterestIncome": "None", "interestIncome": "None", "interestExpense": "300000", "nonInterestIncome": "None", "otherNonOperatingIncome": "-300000", "depreciation": "None", "depreciationAndAmortization": "176200000", "incomeBeforeTax": "345400000", "incomeTaxExpense": "111800000", "interestAndDebtExpense": "None", "netIncomeFromContinuingOperations": "233600000", "comprehensiveIncomeNetOfTax": "None", "ebit": "337900000", "ebitda": "514100000", "netIncome": "233600000"}, {"fiscalDateEnding": "2012-06-30", "reportedCurrency": "USD", "grossProfit": "786600000", "totalRevenue": "4457200000", "costOfRevenue": "3670600000", "costofGoodsAndServicesSold": "3670600000", "operatingIncome": "439700000", "sellingGeneralAndAdministrative": "146600000", "researchAndDevelopment": "73800000", "operatingExpenses": "346900000", "investmentIncomeNet": "None", "netInterestIncome": "None", "interestIncome": "None", "interestExpense": "1600000", "nonInterestIncome": "None", "otherNonOperatingIncome": "-1600000", "depreciation": "None", "depreciationAndAmortization": "175600000", "incomeBeforeTax": "446300000", "incomeTaxExpense": "149100000", "interestAndDebtExpense": "None", "netIncomeFromContinuingOperations": "297200000", "comprehensiveIncomeNetOfTax": "None", "ebit": "439700000", "ebitda": "615300000", "netIncome": "297200000"}, {"fiscalDateEnding": "2012-03-31", "reportedCurrency": "USD", "grossProfit": "816500000", "totalRevenue": "4776100000", "costOfRevenue": "3959600000", "costofGoodsAndServicesSold": "3959600000", "operatingIncome": "468000000", "sellingGeneralAndAdministrative": "149900000", "researchAndDevelopment": "72300000", "operatingExpenses": "348500000", "investmentIncomeNet": "None", "netInterestIncome": "None", "interestIncome": "None", "interestExpense": "2100000", "nonInterestIncome": "None", "otherNonOperatingIncome": "2100000", "depreciation": "None", "depreciationAndAmortization": "170600000", "incomeBeforeTax": "479000000", "incomeTaxExpense": "151700000", "interestAndDebtExpense": "None", "netIncomeFromContinuingOperations": "327300000", "comprehensiveIncomeNetOfTax": "None", "ebit": "468000000", "ebitda": "638600000", "netIncome": "327300000"}, {"fiscalDateEnding": "2011-12-31", "reportedCurrency": "USD", "grossProfit": "749700000", "totalRevenue": "4744100000", "costOfRevenue": "3994400000", "costofGoodsAndServicesSold": "3994400000", "operatingIncome": "401400000", "sellingGeneralAndAdministrative": "143500000", "researchAndDevelopment": "72300000", "operatingExpenses": "348300000", "investmentIncomeNet": "None", "netInterestIncome": "None", "interestIncome": "None", "interestExpense": "47700000", "nonInterestIncome": "None", "otherNonOperatingIncome": "-32500000", "depreciation": "None", "depreciationAndAmortization": "168100000", "incomeBeforeTax": "472700000", "incomeTaxExpense": "145000000", "interestAndDebtExpense": "None", "netIncomeFromContinuingOperations": "327700000", "comprehensiveIncomeNetOfTax": "None", "ebit": "520400000", "ebitda": "688500000", "netIncome": "327700000"}, {"fiscalDateEnding": "2011-09-30", "reportedCurrency": "USD", "grossProfit": "666600000", "totalRevenue": "4150600000", "costOfRevenue": "3484000000", "costofGoodsAndServicesSold": "3484000000", "operatingIncome": "325800000", "sellingGeneralAndAdministrative": "137100000", "researchAndDevelopment": "70000000", "operatingExpenses": "340800000", "investmentIncomeNet": "None", "netInterestIncome": "None", "interestIncome": "None", "interestExpense": "48600000", "nonInterestIncome": "None", "otherNonOperatingIncome": "7000000", "depreciation": "None", "depreciationAndAmortization": "174300000", "incomeBeforeTax": "394700000", "incomeTaxExpense": "113100000", "interestAndDebtExpense": "None", "netIncomeFromContinuingOperations": "281600000", "comprehensiveIncomeNetOfTax": "None", "ebit": "443300000", "ebitda": "617600000", "netIncome": "281600000"}, {"fiscalDateEnding": "2011-06-30", "reportedCurrency": "USD", "grossProfit": "624200000", "totalRevenue": "3855300000", "costOfRevenue": "3231100000", "costofGoodsAndServicesSold": "3231100000", "operatingIncome": "283100000", "sellingGeneralAndAdministrative": "133200000", "researchAndDevelopment": "77500000", "operatingExpenses": "341100000", "investmentIncomeNet": "None", "netInterestIncome": "None", "interestIncome": "None", "interestExpense": "46100000", "nonInterestIncome": "None", "otherNonOperatingIncome": "10800000", "depreciation": "None", "depreciationAndAmortization": "169000000", "incomeBeforeTax": "353200000", "incomeTaxExpense": "113500000", "interestAndDebtExpense": "None", "netIncomeFromContinuingOperations": "239700000", "comprehensiveIncomeNetOfTax": "None", "ebit": "399300000", "ebitda": "568300000", "netIncome": "239700000"}, {"fiscalDateEnding": "2011-03-31", "reportedCurrency": "USD", "grossProfit": "549800000", "totalRevenue": "3182100000", "costOfRevenue": "2632300000", "costofGoodsAndServicesSold": "2632300000", "operatingIncome": "227300000", "sellingGeneralAndAdministrative": "133100000", "researchAndDevelopment": "68400000", "operatingExpenses": "322500000", "investmentIncomeNet": "None", "netInterestIncome": "None", "interestIncome": "None", "interestExpense": "50500000", "nonInterestIncome": "None", "otherNonOperatingIncome": "4000000", "depreciation": "None", "depreciationAndAmortization": "162400000", "incomeBeforeTax": "286300000", "incomeTaxExpense": "93000000", "interestAndDebtExpense": "None", "netIncomeFromContinuingOperations": "193300000", "comprehensiveIncomeNetOfTax": "None", "ebit": "336800000", "ebitda": "499200000", "netIncome": "193300000"}, {"fiscalDateEnding": "2010-12-31", "reportedCurrency": "USD", "grossProfit": "493900000", "totalRevenue": "2950800000", "costOfRevenue": "2456900000", "costofGoodsAndServicesSold": "2456900000", "operatingIncome": "177100000", "sellingGeneralAndAdministrative": "129900000", "researchAndDevelopment": "65400000", "operatingExpenses": "316800000", "investmentIncomeNet": "None", "netInterestIncome": "None", "interestIncome": "None", "interestExpense": "49800000", "nonInterestIncome": "None", "otherNonOperatingIncome": "6600000", "depreciation": "None", "depreciationAndAmortization": "161700000", "incomeBeforeTax": "238900000", "incomeTaxExpense": "69100000", "interestAndDebtExpense": "None", "netIncomeFromContinuingOperations": "169800000", "comprehensiveIncomeNetOfTax": "None", "ebit": "288700000", "ebitda": "450400000", "netIncome": "169800000"}, {"fiscalDateEnding": "2010-09-30", "reportedCurrency": "USD", "grossProfit": "421500000", "totalRevenue": "2440700000", "costOfRevenue": "2019200000", "costofGoodsAndServicesSold": "2019200000", "operatingIncome": "122300000", "sellingGeneralAndAdministrative": "116200000", "researchAndDevelopment": "59900000", "operatingExpenses": "299200000", "investmentIncomeNet": "None", "netInterestIncome": "None", "interestIncome": "None", "interestExpense": "52800000", "nonInterestIncome": "None", "otherNonOperatingIncome": "4500000", "depreciation": "None", "depreciationAndAmortization": "151600000", "incomeBeforeTax": "176800000", "incomeTaxExpense": "56900000", "interestAndDebtExpense": "None", "netIncomeFromContinuingOperations": "119900000", "comprehensiveIncomeNetOfTax": "None", "ebit": "229600000", "ebitda": "381200000", "netIncome": "119900000"}, {"fiscalDateEnding": "2010-06-30", "reportedCurrency": "USD", "grossProfit": "404200000", "totalRevenue": "2359100000", "costOfRevenue": "1954900000", "costofGoodsAndServicesSold": "1954900000", "operatingIncome": "97700000", "sellingGeneralAndAdministrative": "119800000", "researchAndDevelopment": "58400000", "operatingExpenses": "306500000", "investmentIncomeNet": "None", "netInterestIncome": "None", "interestIncome": "None", "interestExpense": "58400000", "nonInterestIncome": "None", "otherNonOperatingIncome": "400000", "depreciation": "None", "depreciationAndAmortization": "151400000", "incomeBeforeTax": "148600000", "incomeTaxExpense": "49000000", "interestAndDebtExpense": "None", "netIncomeFromContinuingOperations": "99600000", "comprehensiveIncomeNetOfTax": "None", "ebit": "207000000", "ebitda": "358400000", "netIncome": "99600000"}, {"fiscalDateEnding": "2010-03-31", "reportedCurrency": "USD", "grossProfit": "352900000", "totalRevenue": "2120700000", "costOfRevenue": "1767800000", "costofGoodsAndServicesSold": "1767800000", "operatingIncome": "42800000", "sellingGeneralAndAdministrative": "115600000", "researchAndDevelopment": "54800000", "operatingExpenses": "310100000", "investmentIncomeNet": "None", "netInterestIncome": "None", "interestIncome": "None", "interestExpense": "61300000", "nonInterestIncome": "None", "otherNonOperatingIncome": "300000", "depreciation": "None", "depreciationAndAmortization": "165400000", "incomeBeforeTax": "96000000", "incomeTaxExpense": "27700000", "interestAndDebtExpense": "None", "netIncomeFromContinuingOperations": "68300000", "comprehensiveIncomeNetOfTax": "None", "ebit": "157300000", "ebitda": "322700000", "netIncome": "68300000"}, {"fiscalDateEnding": "2009-12-31", "reportedCurrency": "USD", "grossProfit": "349000000", "totalRevenue": "2132000000", "costOfRevenue": "1783000000", "costofGoodsAndServicesSold": "1783000000", "operatingIncome": "31700000", "sellingGeneralAndAdministrative": "116200000", "researchAndDevelopment": "50700000", "operatingExpenses": "317300000", "investmentIncomeNet": "None", "netInterestIncome": "None", "interestIncome": "None", "interestExpense": "65800000", "nonInterestIncome": "None", "otherNonOperatingIncome": "None", "depreciation": "None", "depreciationAndAmortization": "150900000", "incomeBeforeTax": "93700000", "incomeTaxExpense": "47600000", "interestAndDebtExpense": "None", "netIncomeFromContinuingOperations": "0", "comprehensiveIncomeNetOfTax": "None", "ebit": "159500000", "ebitda": "310400000", "netIncome": "46100000"}, {"fiscalDateEnding": "2009-09-30", "reportedCurrency": "USD", "grossProfit": "241600000", "totalRevenue": "1888100000", "costOfRevenue": "1646500000", "costofGoodsAndServicesSold": "1646500000", "operatingIncome": "-56900000", "sellingGeneralAndAdministrative": "108500000", "researchAndDevelopment": "43400000", "operatingExpenses": "298500000", "investmentIncomeNet": "None", "netInterestIncome": "None", "interestIncome": "None", "interestExpense": "72400000", "nonInterestIncome": "None", "otherNonOperatingIncome": "-800000", "depreciation": "None", "depreciationAndAmortization": "173000000", "incomeBeforeTax": "16800000", "incomeTaxExpense": "3800000", "interestAndDebtExpense": "None", "netIncomeFromContinuingOperations": "13000000", "comprehensiveIncomeNetOfTax": "None", "ebit": "89200000", "ebitda": "262200000", "netIncome": "13000000"}, {"fiscalDateEnding": "2009-06-30", "reportedCurrency": "USD", "grossProfit": "229100000", "totalRevenue": "1721900000", "costOfRevenue": "1492800000", "costofGoodsAndServicesSold": "1492800000", "operatingIncome": "-60900000", "sellingGeneralAndAdministrative": "100500000", "researchAndDevelopment": "52800000", "operatingExpenses": "290000000", "investmentIncomeNet": "None", "netInterestIncome": "None", "interestIncome": "None", "interestExpense": "90800000", "nonInterestIncome": "None", "otherNonOperatingIncome": "-12900000", "depreciation": "None", "depreciationAndAmortization": "159400000", "incomeBeforeTax": "27900000", "incomeTaxExpense": "1400000", "interestAndDebtExpense": "None", "netIncomeFromContinuingOperations": "26500000", "comprehensiveIncomeNetOfTax": "None", "ebit": "118700000", "ebitda": "278100000", "netIncome": "26500000"}, {"fiscalDateEnding": "2009-03-31", "reportedCurrency": "USD", "grossProfit": "292900000", "totalRevenue": "1854000000", "costOfRevenue": "1561100000", "costofGoodsAndServicesSold": "1561100000", "operatingIncome": "3000000", "sellingGeneralAndAdministrative": "109700000", "researchAndDevelopment": "52300000", "operatingExpenses": "289900000", "investmentIncomeNet": "None", "netInterestIncome": "None", "interestIncome": "None", "interestExpense": "106600000", "nonInterestIncome": "None", "otherNonOperatingIncome": "None", "depreciation": "None", "depreciationAndAmortization": "154800000", "incomeBeforeTax": "36600000", "incomeTaxExpense": "10300000", "interestAndDebtExpense": "None", "netIncomeFromContinuingOperations": "0", "comprehensiveIncomeNetOfTax": "None", "ebit": "143200000", "ebitda": "298000000", "netIncome": "26300000"}, {"fiscalDateEnding": "2008-12-31", "reportedCurrency": "USD", "grossProfit": "574800000", "totalRevenue": "2916700000", "costOfRevenue": "2341900000", "costofGoodsAndServicesSold": "2341900000", "operatingIncome": "449200000", "sellingGeneralAndAdministrative": "45500000", "researchAndDevelopment": "80100000", "operatingExpenses": "125600000", "investmentIncomeNet": "None", "netInterestIncome": "None", "interestIncome": "None", "interestExpense": "371200000", "nonInterestIncome": "None", "otherNonOperatingIncome": "None", "depreciation": "None", "depreciationAndAmortization": "167200000", "incomeBeforeTax": "13341800000", "incomeTaxExpense": "52700000", "interestAndDebtExpense": "None", "netIncomeFromContinuingOperations": "0", "comprehensiveIncomeNetOfTax": "None", "ebit": "449200000", "ebitda": "616400000", "netIncome": "113100000"}, {"fiscalDateEnding": "2008-09-30", "reportedCurrency": "USD", "grossProfit": "717200000", "totalRevenue": "3830700000", "costOfRevenue": "3113500000", "costofGoodsAndServicesSold": "3113500000", "operatingIncome": "334600000", "sellingGeneralAndAdministrative": "181400000", "researchAndDevelopment": "88100000", "operatingExpenses": "382600000", "investmentIncomeNet": "None", "netInterestIncome": "None", "interestIncome": "None", "interestExpense": "102400000", "nonInterestIncome": "None", "otherNonOperatingIncome": "None", "depreciation": "None", "depreciationAndAmortization": "166800000", "incomeBeforeTax": "428600000", "incomeTaxExpense": "129600000", "interestAndDebtExpense": "None", "netIncomeFromContinuingOperations": "0", "comprehensiveIncomeNetOfTax": "None", "ebit": "531000000", "ebitda": "697800000", "netIncome": "299000000"}, {"fiscalDateEnding": "2008-06-30", "reportedCurrency": "USD", "grossProfit": "731500000", "totalRevenue": "3933700000", "costOfRevenue": "3202200000", "costofGoodsAndServicesSold": "3202200000", "operatingIncome": "346400000", "sellingGeneralAndAdministrative": "157500000", "researchAndDevelopment": "90700000", "operatingExpenses": "385100000", "investmentIncomeNet": "None", "netInterestIncome": "None", "interestIncome": "None", "interestExpense": "101800000", "nonInterestIncome": "None", "otherNonOperatingIncome": "None", "depreciation": "None", "depreciationAndAmortization": "164500000", "incomeBeforeTax": "446000000", "incomeTaxExpense": "132500000", "interestAndDebtExpense": "None", "netIncomeFromContinuingOperations": "0", "comprehensiveIncomeNetOfTax": "None", "ebit": "547800000", "ebitda": "712300000", "netIncome": "313500000"}, {"fiscalDateEnding": "2008-03-31", "reportedCurrency": "USD", "grossProfit": "859100000", "totalRevenue": "3938400000", "costOfRevenue": "3079300000", "costofGoodsAndServicesSold": "3079300000", "operatingIncome": "603600000", "sellingGeneralAndAdministrative": "172600000", "researchAndDevelopment": "82900000", "operatingExpenses": "255500000", "investmentIncomeNet": "None", "netInterestIncome": "None", "interestIncome": "None", "interestExpense": "155300000", "nonInterestIncome": "None", "otherNonOperatingIncome": "None", "depreciation": "None", "depreciationAndAmortization": "150900000", "incomeBeforeTax": "423600000", "incomeTaxExpense": "131300000", "interestAndDebtExpense": "None", "netIncomeFromContinuingOperations": "0", "comprehensiveIncomeNetOfTax": "None", "ebit": "603600000", "ebitda": "754500000", "netIncome": "292300000"}, {"fiscalDateEnding": "2007-12-31", "reportedCurrency": "USD", "grossProfit": "983800000", "totalRevenue": "3759300000", "costOfRevenue": "2775500000", "costofGoodsAndServicesSold": "2775500000", "operatingIncome": "597000000", "sellingGeneralAndAdministrative": "131300000", "researchAndDevelopment": "92100000", "operatingExpenses": "386800000", "investmentIncomeNet": "None", "netInterestIncome": "None", "interestIncome": "None", "interestExpense": "241000000", "nonInterestIncome": "None", "otherNonOperatingIncome": "None", "depreciation": "None", "depreciationAndAmortization": "148500000", "incomeBeforeTax": "371400000", "incomeTaxExpense": "110300000", "interestAndDebtExpense": "None", "netIncomeFromContinuingOperations": "0", "comprehensiveIncomeNetOfTax": "None", "ebit": "597000000", "ebitda": "745500000", "netIncome": "261100000"}, {"fiscalDateEnding": "2007-09-30", "reportedCurrency": "USD", "grossProfit": "763300000", "totalRevenue": "3761700000", "costOfRevenue": "2998400000", "costofGoodsAndServicesSold": "2998400000", "operatingIncome": "602300000", "sellingGeneralAndAdministrative": "161000000", "researchAndDevelopment": "67800000", "operatingExpenses": "161000000", "investmentIncomeNet": "None", "netInterestIncome": "None", "interestIncome": "None", "interestExpense": "153100000", "nonInterestIncome": "None", "otherNonOperatingIncome": "None", "depreciation": "None", "depreciationAndAmortization": "130700000", "incomeBeforeTax": "425100000", "incomeTaxExpense": "122800000", "interestAndDebtExpense": "None", "netIncomeFromContinuingOperations": "0", "comprehensiveIncomeNetOfTax": "None", "ebit": "602300000", "ebitda": "733000000", "netIncome": "302300000"}, {"fiscalDateEnding": "2007-06-30", "reportedCurrency": "USD", "grossProfit": "745500000", "totalRevenue": "3716200000", "costOfRevenue": "2970700000", "costofGoodsAndServicesSold": "2970700000", "operatingIncome": "587800000", "sellingGeneralAndAdministrative": "157700000", "researchAndDevelopment": "58200000", "operatingExpenses": "157700000", "investmentIncomeNet": "None", "netInterestIncome": "None", "interestIncome": "None", "interestExpense": "134000000", "nonInterestIncome": "None", "otherNonOperatingIncome": "None", "depreciation": "None", "depreciationAndAmortization": "129200000", "incomeBeforeTax": "430100000", "incomeTaxExpense": "131800000", "interestAndDebtExpense": "None", "netIncomeFromContinuingOperations": "0", "comprehensiveIncomeNetOfTax": "None", "ebit": "587800000", "ebitda": "717000000", "netIncome": "298300000"}, {"fiscalDateEnding": "2007-03-31", "reportedCurrency": "USD", "grossProfit": "645600000", "totalRevenue": "3984500000", "costOfRevenue": "3338900000", "costofGoodsAndServicesSold": "3338900000", "operatingIncome": "493300000", "sellingGeneralAndAdministrative": "152300000", "researchAndDevelopment": "37400000", "operatingExpenses": "152300000", "investmentIncomeNet": "None", "netInterestIncome": "None", "interestIncome": "None", "interestExpense": "66400000", "nonInterestIncome": "None", "otherNonOperatingIncome": "None", "depreciation": "None", "depreciationAndAmortization": "118000000", "incomeBeforeTax": "537700000", "incomeTaxExpense": "172100000", "interestAndDebtExpense": "None", "netIncomeFromContinuingOperations": "0", "comprehensiveIncomeNetOfTax": "None", "ebit": "493300000", "ebitda": "611300000", "netIncome": "365600000"}, {"fiscalDateEnding": "2006-12-31", "reportedCurrency": "USD", "grossProfit": "273300000", "totalRevenue": "4229000000", "costOfRevenue": "3955700000", "costofGoodsAndServicesSold": "3955700000", "operatingIncome": "113300000", "sellingGeneralAndAdministrative": "160000000", "researchAndDevelopment": "44400000", "operatingExpenses": "160000000", "investmentIncomeNet": "None", "netInterestIncome": "None", "interestIncome": "None", "interestExpense": "468100000", "nonInterestIncome": "None", "otherNonOperatingIncome": "None", "depreciation": "None", "depreciationAndAmortization": "113200000", "incomeBeforeTax": "556000000", "incomeTaxExpense": "175500000", "interestAndDebtExpense": "None", "netIncomeFromContinuingOperations": "0", "comprehensiveIncomeNetOfTax": "None", "ebit": "113300000", "ebitda": "226500000", "netIncome": "380500000"}, {"fiscalDateEnding": "2006-09-30", "reportedCurrency": "USD", "grossProfit": "840500000", "totalRevenue": "4205400000", "costOfRevenue": "3364900000", "costofGoodsAndServicesSold": "3364900000", "operatingIncome": "698300000", "sellingGeneralAndAdministrative": "142200000", "researchAndDevelopment": "42500000", "operatingExpenses": "142200000", "investmentIncomeNet": "None", "netInterestIncome": "None", "interestIncome": "None", "interestExpense": "106200000", "nonInterestIncome": "None", "otherNonOperatingIncome": "None", "depreciation": "None", "depreciationAndAmortization": "113200000", "incomeBeforeTax": "570400000", "incomeTaxExpense": "166800000", "interestAndDebtExpense": "None", "netIncomeFromContinuingOperations": "0", "comprehensiveIncomeNetOfTax": "None", "ebit": "698300000", "ebitda": "811500000", "netIncome": "403600000"}, {"fiscalDateEnding": "2006-06-30", "reportedCurrency": "USD", "grossProfit": "814100000", "totalRevenue": "4168000000", "costOfRevenue": "3353900000", "costofGoodsAndServicesSold": "3353900000", "operatingIncome": "668700000", "sellingGeneralAndAdministrative": "145400000", "researchAndDevelopment": "41100000", "operatingExpenses": "145400000", "investmentIncomeNet": "None", "netInterestIncome": "None", "interestIncome": "None", "interestExpense": "101900000", "nonInterestIncome": "None", "otherNonOperatingIncome": "None", "depreciation": "None", "depreciationAndAmortization": "108000000", "incomeBeforeTax": "548200000", "incomeTaxExpense": "178300000", "interestAndDebtExpense": "None", "netIncomeFromContinuingOperations": "0", "comprehensiveIncomeNetOfTax": "None", "ebit": "668700000", "ebitda": "776700000", "netIncome": "369900000"}, {"fiscalDateEnding": "2006-03-31", "reportedCurrency": "USD", "grossProfit": "752800000", "totalRevenue": "3851700000", "costOfRevenue": "3098900000", "costofGoodsAndServicesSold": "3098900000", "operatingIncome": "613400000", "sellingGeneralAndAdministrative": "139400000", "researchAndDevelopment": "35100000", "operatingExpenses": "139400000", "investmentIncomeNet": "None", "netInterestIncome": "None", "interestIncome": "None", "interestExpense": "30800000", "nonInterestIncome": "None", "otherNonOperatingIncome": "None", "depreciation": "None", "depreciationAndAmortization": "100200000", "incomeBeforeTax": "500700000", "incomeTaxExpense": "158700000", "interestAndDebtExpense": "None", "netIncomeFromContinuingOperations": "0", "comprehensiveIncomeNetOfTax": "None", "ebit": "613400000", "ebitda": "713600000", "netIncome": "342000000"}, {"fiscalDateEnding": "2005-12-31", "reportedCurrency": "USD", "grossProfit": "703100000", "totalRevenue": "3635000000", "costOfRevenue": "2931900000", "costofGoodsAndServicesSold": "2931900000", "operatingIncome": "557600000", "sellingGeneralAndAdministrative": "145500000", "researchAndDevelopment": "117800000", "operatingExpenses": "145500000", "investmentIncomeNet": "None", "netInterestIncome": "None", "interestIncome": "None", "interestExpense": "90800000", "nonInterestIncome": "None", "otherNonOperatingIncome": "None", "depreciation": "None", "depreciationAndAmortization": "96500000", "incomeBeforeTax": "449800000", "incomeTaxExpense": "136900000", "interestAndDebtExpense": "None", "netIncomeFromContinuingOperations": "0", "comprehensiveIncomeNetOfTax": "None", "ebit": "557600000", "ebitda": "654100000", "netIncome": "312900000"}]}