{"symbol": "MOS", "annualReports": [{"fiscalDateEnding": "2024-12-31", "reportedCurrency": "USD", "grossProfit": "1511900000", "totalRevenue": "11122800000", "costOfRevenue": "9610900000", "costofGoodsAndServicesSold": "9610900000", "operatingIncome": "621500000", "sellingGeneralAndAdministrative": "496900000", "researchAndDevelopment": "None", "operatingExpenses": "890400000", "investmentIncomeNet": "None", "netInterestIncome": "-182800000", "interestIncome": "47200000", "interestExpense": "230000000", "nonInterestIncome": "None", "otherNonOperatingIncome": "None", "depreciation": "None", "depreciationAndAmortization": "1025500000", "incomeBeforeTax": "388700000", "incomeTaxExpense": "186700000", "interestAndDebtExpense": "None", "netIncomeFromContinuingOperations": "202000000", "comprehensiveIncomeNetOfTax": "None", "ebit": "545400000", "ebitda": "1570900000", "netIncome": "174900000"}, {"fiscalDateEnding": "2023-12-31", "reportedCurrency": "USD", "grossProfit": "2210600000", "totalRevenue": "13696100000", "costOfRevenue": "11485500000", "costofGoodsAndServicesSold": "11485500000", "operatingIncome": "1338100000", "sellingGeneralAndAdministrative": "500500000", "researchAndDevelopment": "None", "operatingExpenses": "872500000", "investmentIncomeNet": "None", "netInterestIncome": "-129400000", "interestIncome": "59600000", "interestExpense": "189000000", "nonInterestIncome": "None", "otherNonOperatingIncome": "None", "depreciation": "None", "depreciationAndAmortization": "960600000", "incomeBeforeTax": "1386200000", "incomeTaxExpense": "177000000", "interestAndDebtExpense": "None", "netIncomeFromContinuingOperations": "1209200000", "comprehensiveIncomeNetOfTax": "None", "ebit": "1514900000", "ebitda": "2475500000", "netIncome": "1164900000"}, {"fiscalDateEnding": "2022-12-31", "reportedCurrency": "USD", "grossProfit": "5755800000", "totalRevenue": "19125200000", "costOfRevenue": "13369400000", "costofGoodsAndServicesSold": "13369400000", "operatingIncome": "4785300000", "sellingGeneralAndAdministrative": "498000000", "researchAndDevelopment": "None", "operatingExpenses": "970500000", "investmentIncomeNet": "None", "netInterestIncome": "-137800000", "interestIncome": "31000000", "interestExpense": "168800000", "nonInterestIncome": "None", "otherNonOperatingIncome": "196000000", "depreciation": "None", "depreciationAndAmortization": "933900000", "incomeBeforeTax": "4838500000", "incomeTaxExpense": "1224300000", "interestAndDebtExpense": "None", "netIncomeFromContinuingOperations": "3614200000", "comprehensiveIncomeNetOfTax": "None", "ebit": "4811300000", "ebitda": "5745200000", "netIncome": "3582800000"}, {"fiscalDateEnding": "2021-12-31", "reportedCurrency": "USD", "grossProfit": "3200300000", "totalRevenue": "12357400000", "costOfRevenue": "9157100000", "costofGoodsAndServicesSold": "9157100000", "operatingIncome": "2468500000", "sellingGeneralAndAdministrative": "430500000", "researchAndDevelopment": "None", "operatingExpenses": "731800000", "investmentIncomeNet": "None", "netInterestIncome": "-169100000", "interestIncome": "247600000", "interestExpense": "194300000", "nonInterestIncome": "None", "otherNonOperatingIncome": "None", "depreciation": "None", "depreciationAndAmortization": "812900000", "incomeBeforeTax": "2232600000", "incomeTaxExpense": "597700000", "interestAndDebtExpense": "None", "netIncomeFromContinuingOperations": "1634900000", "comprehensiveIncomeNetOfTax": "None", "ebit": "2419100000", "ebitda": "3232000000", "netIncome": "1630600000"}, {"fiscalDateEnding": "2020-12-31", "reportedCurrency": "USD", "grossProfit": "1064900000", "totalRevenue": "8681700000", "costOfRevenue": "7616800000", "costofGoodsAndServicesSold": "7616800000", "operatingIncome": "412900000", "sellingGeneralAndAdministrative": "371500000", "researchAndDevelopment": "None", "operatingExpenses": "652000000", "investmentIncomeNet": "None", "netInterestIncome": "-180600000", "interestIncome": "244900000", "interestExpense": "214100000", "nonInterestIncome": "None", "otherNonOperatingIncome": "None", "depreciation": "None", "depreciationAndAmortization": "847600000", "incomeBeforeTax": "87100000", "incomeTaxExpense": "-578500000", "interestAndDebtExpense": "None", "netIncomeFromContinuingOperations": "665600000", "comprehensiveIncomeNetOfTax": "None", "ebit": "395000000", "ebitda": "1242600000", "netIncome": "666100000"}, {"fiscalDateEnding": "2019-12-31", "reportedCurrency": "USD", "grossProfit": "897300000", "totalRevenue": "8906300000", "costOfRevenue": "8009000000", "costofGoodsAndServicesSold": "8009000000", "operatingIncome": "-1094900000", "sellingGeneralAndAdministrative": "354100000", "researchAndDevelopment": "None", "operatingExpenses": "1992200000", "investmentIncomeNet": "None", "netInterestIncome": "-182900000", "interestIncome": "33100000", "interestExpense": "216000000", "nonInterestIncome": "None", "otherNonOperatingIncome": "-37700000", "depreciation": "None", "depreciationAndAmortization": "882700000", "incomeBeforeTax": "-1315500000", "incomeTaxExpense": "-224700000", "interestAndDebtExpense": "None", "netIncomeFromContinuingOperations": "-1031400000", "comprehensiveIncomeNetOfTax": "None", "ebit": "-1040100000", "ebitda": "-157400000", "netIncome": "-1067400000"}, {"fiscalDateEnding": "2018-12-31", "reportedCurrency": "USD", "grossProfit": "1498400000", "totalRevenue": "9587300000", "costOfRevenue": "8088900000", "costofGoodsAndServicesSold": "8088900000", "operatingIncome": "928300000", "sellingGeneralAndAdministrative": "341100000", "researchAndDevelopment": "0", "operatingExpenses": "570100000", "investmentIncomeNet": "None", "netInterestIncome": "-166100000", "interestIncome": "49700000", "interestExpense": "215800000", "nonInterestIncome": "None", "otherNonOperatingIncome": "-215200000", "depreciation": "None", "depreciationAndAmortization": "883900000", "incomeBeforeTax": "547000000", "incomeTaxExpense": "77100000", "interestAndDebtExpense": "None", "netIncomeFromContinuingOperations": "474400000", "comprehensiveIncomeNetOfTax": "None", "ebit": "767300000", "ebitda": "1651200000", "netIncome": "470000000"}, {"fiscalDateEnding": "2017-12-31", "reportedCurrency": "USD", "grossProfit": "842800000", "totalRevenue": "7409400000", "costOfRevenue": "6566600000", "costofGoodsAndServicesSold": "6566600000", "operatingIncome": "465700000", "sellingGeneralAndAdministrative": "301300000", "researchAndDevelopment": "0", "operatingExpenses": "377100000", "investmentIncomeNet": "None", "netInterestIncome": "-138100000", "interestIncome": "33200000", "interestExpense": "171300000", "nonInterestIncome": "None", "otherNonOperatingIncome": "63100000", "depreciation": "None", "depreciationAndAmortization": "665500000", "incomeBeforeTax": "390700000", "incomeTaxExpense": "494900000", "interestAndDebtExpense": "None", "netIncomeFromContinuingOperations": "-120900000", "comprehensiveIncomeNetOfTax": "None", "ebit": "545300000", "ebitda": "1210800000", "netIncome": "-107200000"}, {"fiscalDateEnding": "2016-12-31", "reportedCurrency": "USD", "grossProfit": "810000000", "totalRevenue": "7162800000", "costOfRevenue": "6352800000", "costofGoodsAndServicesSold": "6352800000", "operatingIncome": "319000000", "sellingGeneralAndAdministrative": "304200000", "researchAndDevelopment": "0", "operatingExpenses": "491000000", "investmentIncomeNet": "None", "netInterestIncome": "-112400000", "interestIncome": "28200000", "interestExpense": "140600000", "nonInterestIncome": "None", "otherNonOperatingIncome": "20400000", "depreciation": "None", "depreciationAndAmortization": "711200000", "incomeBeforeTax": "227000000", "incomeTaxExpense": "-74200000", "interestAndDebtExpense": "None", "netIncomeFromContinuingOperations": "316600000", "comprehensiveIncomeNetOfTax": "None", "ebit": "383000000", "ebitda": "1094200000", "netIncome": "297800000"}, {"fiscalDateEnding": "2015-12-31", "reportedCurrency": "USD", "grossProfit": "1717900000", "totalRevenue": "8895300000", "costOfRevenue": "7177400000", "costofGoodsAndServicesSold": "7177400000", "operatingIncome": "1278800000", "sellingGeneralAndAdministrative": "361200000", "researchAndDevelopment": "0", "operatingExpenses": "439100000", "investmentIncomeNet": "None", "netInterestIncome": "None", "interestIncome": "158300000", "interestExpense": "133600000", "nonInterestIncome": "None", "otherNonOperatingIncome": "-80100000", "depreciation": "None", "depreciationAndAmortization": "739800000", "incomeBeforeTax": "1100900000", "incomeTaxExpense": "99100000", "interestAndDebtExpense": "None", "netIncomeFromContinuingOperations": "1004200000", "comprehensiveIncomeNetOfTax": "None", "ebit": "1236900000", "ebitda": "1976700000", "netIncome": "1000400000"}, {"fiscalDateEnding": "2014-12-31", "reportedCurrency": "USD", "grossProfit": "1926600000", "totalRevenue": "9055800000", "costOfRevenue": "7129200000", "costofGoodsAndServicesSold": "7129200000", "operatingIncome": "1311800000", "sellingGeneralAndAdministrative": "382400000", "researchAndDevelopment": "0", "operatingExpenses": "614800000", "investmentIncomeNet": "None", "netInterestIncome": "None", "interestIncome": "None", "interestExpense": "128900000", "nonInterestIncome": "None", "otherNonOperatingIncome": "71100000", "depreciation": "None", "depreciationAndAmortization": "750900000", "incomeBeforeTax": "1215100000", "incomeTaxExpense": "184700000", "interestAndDebtExpense": "None", "netIncomeFromContinuingOperations": "1030400000", "comprehensiveIncomeNetOfTax": "None", "ebit": "1346200000", "ebitda": "2097100000", "netIncome": "1028600000"}, {"fiscalDateEnding": "2013-12-31", "reportedCurrency": "USD", "grossProfit": "1419943093", "totalRevenue": "8170115647", "costOfRevenue": "6750172554", "costofGoodsAndServicesSold": "6750172554", "operatingIncome": "961200160", "sellingGeneralAndAdministrative": "427300000", "researchAndDevelopment": "None", "operatingExpenses": "548400091", "investmentIncomeNet": "None", "netInterestIncome": "None", "interestIncome": "None", "interestExpense": "700000", "nonInterestIncome": "None", "otherNonOperatingIncome": "None", "depreciation": "None", "depreciationAndAmortization": "699085831", "incomeBeforeTax": "830058608", "incomeTaxExpense": "261600044", "interestAndDebtExpense": "None", "netIncomeFromContinuingOperations": "None", "comprehensiveIncomeNetOfTax": "None", "ebit": "961200160", "ebitda": "1660285991", "netIncome": "576000096"}, {"fiscalDateEnding": "2012-12-31", "reportedCurrency": "USD", "grossProfit": "3085000000", "totalRevenue": "11107800000", "costOfRevenue": "8022800000", "costofGoodsAndServicesSold": "8022800000", "operatingIncome": "2611100000", "sellingGeneralAndAdministrative": "410100000", "researchAndDevelopment": "0", "operatingExpenses": "473900000", "investmentIncomeNet": "None", "netInterestIncome": "None", "interestIncome": "None", "interestExpense": "1400000", "nonInterestIncome": "None", "otherNonOperatingIncome": "4400000", "depreciation": "None", "depreciationAndAmortization": "508100000", "incomeBeforeTax": "2642200000", "incomeTaxExpense": "711400000", "interestAndDebtExpense": "None", "netIncomeFromContinuingOperations": "1873500000", "comprehensiveIncomeNetOfTax": "None", "ebit": "2630300000", "ebitda": "3138400000", "netIncome": "1930200000"}, {"fiscalDateEnding": "2011-12-31", "reportedCurrency": "USD", "grossProfit": "3121800000", "totalRevenue": "9937800000", "costOfRevenue": "6816000000", "costofGoodsAndServicesSold": "6816000000", "operatingIncome": "2664200000", "sellingGeneralAndAdministrative": "372500000", "researchAndDevelopment": "0", "operatingExpenses": "457600000", "investmentIncomeNet": "None", "netInterestIncome": "None", "interestIncome": "None", "interestExpense": "27600000", "nonInterestIncome": "None", "otherNonOperatingIncome": "12400000", "depreciation": "None", "depreciationAndAmortization": "447400000", "incomeBeforeTax": "3266300000", "incomeTaxExpense": "752800000", "interestAndDebtExpense": "None", "netIncomeFromContinuingOperations": "1917500000", "comprehensiveIncomeNetOfTax": "None", "ebit": "3298900000", "ebitda": "3746300000", "netIncome": "2514600000"}, {"fiscalDateEnding": "2010-12-31", "reportedCurrency": "USD", "grossProfit": "1693300000", "totalRevenue": "6759100000", "costOfRevenue": "5065800000", "costofGoodsAndServicesSold": "5065800000", "operatingIncome": "1270800000", "sellingGeneralAndAdministrative": "360300000", "researchAndDevelopment": "0", "operatingExpenses": "422500000", "investmentIncomeNet": "None", "netInterestIncome": "None", "interestIncome": "None", "interestExpense": "65700000", "nonInterestIncome": "None", "otherNonOperatingIncome": "-78400000", "depreciation": "None", "depreciationAndAmortization": "445000000", "incomeBeforeTax": "1178800000", "incomeTaxExpense": "347300000", "interestAndDebtExpense": "None", "netIncomeFromContinuingOperations": "2518500000", "comprehensiveIncomeNetOfTax": "None", "ebit": "1255400000", "ebitda": "1700400000", "netIncome": "827100000"}, {"fiscalDateEnding": "2009-12-31", "reportedCurrency": "USD", "grossProfit": "2766700000", "totalRevenue": "10298000000", "costOfRevenue": "7531300000", "costofGoodsAndServicesSold": "7531300000", "operatingIncome": "2400900000", "sellingGeneralAndAdministrative": "321400000", "researchAndDevelopment": "None", "operatingExpenses": "365800000", "investmentIncomeNet": "None", "netInterestIncome": "None", "interestIncome": "None", "interestExpense": "90200000", "nonInterestIncome": "None", "otherNonOperatingIncome": "None", "depreciation": "None", "depreciationAndAmortization": "360500000", "incomeBeforeTax": "3005800000", "incomeTaxExpense": "649300000", "interestAndDebtExpense": "None", "netIncomeFromContinuingOperations": "None", "comprehensiveIncomeNetOfTax": "None", "ebit": "2995900000", "ebitda": "3356400000", "netIncome": "2350200000"}, {"fiscalDateEnding": "2008-12-31", "reportedCurrency": "USD", "grossProfit": "3160500000", "totalRevenue": "9812600000", "costOfRevenue": "6652100000", "costofGoodsAndServicesSold": "6652100000", "operatingIncome": "2806700000", "sellingGeneralAndAdministrative": "335500000", "researchAndDevelopment": "None", "operatingExpenses": "353800000", "investmentIncomeNet": "None", "netInterestIncome": "None", "interestIncome": "None", "interestExpense": "124000000", "nonInterestIncome": "None", "otherNonOperatingIncome": "None", "depreciation": "None", "depreciationAndAmortization": "355300000", "incomeBeforeTax": "2806400000", "incomeTaxExpense": "714900000", "interestAndDebtExpense": "None", "netIncomeFromContinuingOperations": "None", "comprehensiveIncomeNetOfTax": "None", "ebit": "2806400000", "ebitda": "3161700000", "netIncome": "2082800000"}, {"fiscalDateEnding": "2007-12-31", "reportedCurrency": "USD", "grossProfit": "926100000", "totalRevenue": "5773700000", "costOfRevenue": "4847600000", "costofGoodsAndServicesSold": "4847600000", "operatingIncome": "616300000", "sellingGeneralAndAdministrative": "309800000", "researchAndDevelopment": "None", "operatingExpenses": "309800000", "investmentIncomeNet": "None", "netInterestIncome": "None", "interestIncome": "None", "interestExpense": "32100000", "nonInterestIncome": "None", "otherNonOperatingIncome": "None", "depreciation": "None", "depreciationAndAmortization": "313300000", "incomeBeforeTax": "543100000", "incomeTaxExpense": "123400000", "interestAndDebtExpense": "None", "netIncomeFromContinuingOperations": "None", "comprehensiveIncomeNetOfTax": "None", "ebit": "614200000", "ebitda": "927500000", "netIncome": "419700000"}, {"fiscalDateEnding": "2006-12-31", "reportedCurrency": "USD", "grossProfit": "637400000", "totalRevenue": "5305800000", "costOfRevenue": "4668400000", "costofGoodsAndServicesSold": "4668400000", "operatingIncome": "105800000", "sellingGeneralAndAdministrative": "241300000", "researchAndDevelopment": "None", "operatingExpenses": "531600000", "investmentIncomeNet": "None", "netInterestIncome": "None", "interestIncome": "None", "interestExpense": "899200000", "nonInterestIncome": "None", "otherNonOperatingIncome": "None", "depreciation": "None", "depreciationAndAmortization": "270200000", "incomeBeforeTax": "-116100000", "incomeTaxExpense": "5300000", "interestAndDebtExpense": "None", "netIncomeFromContinuingOperations": "None", "comprehensiveIncomeNetOfTax": "None", "ebit": "393400000", "ebitda": "663600000", "netIncome": "-121400000"}, {"fiscalDateEnding": "2005-12-31", "reportedCurrency": "USD", "grossProfit": "525500000", "totalRevenue": "4396700000", "costOfRevenue": "3871200000", "costofGoodsAndServicesSold": "3871200000", "operatingIncome": "318500000", "sellingGeneralAndAdministrative": "207000000", "researchAndDevelopment": "None", "operatingExpenses": "207000000", "investmentIncomeNet": "None", "netInterestIncome": "None", "interestIncome": "None", "interestExpense": "37600000", "nonInterestIncome": "None", "otherNonOperatingIncome": "None", "depreciation": "None", "depreciationAndAmortization": "180700000", "incomeBeforeTax": "265900000", "incomeTaxExpense": "98300000", "interestAndDebtExpense": "None", "netIncomeFromContinuingOperations": "None", "comprehensiveIncomeNetOfTax": "None", "ebit": "318500000", "ebitda": "499200000", "netIncome": "165600000"}], "quarterlyReports": [{"fiscalDateEnding": "2025-09-30", "reportedCurrency": "USD", "grossProfit": "552300000", "totalRevenue": "3452100000", "costOfRevenue": "2899800000", "costofGoodsAndServicesSold": "2899800000", "operatingIncome": "339800000", "sellingGeneralAndAdministrative": "125500000", "researchAndDevelopment": "None", "operatingExpenses": "212500000", "investmentIncomeNet": "None", "netInterestIncome": "-45600000", "interestIncome": "13700000", "interestExpense": "59300000", "nonInterestIncome": "None", "otherNonOperatingIncome": "None", "depreciation": "None", "depreciationAndAmortization": "277000000", "incomeBeforeTax": "599300000", "incomeTaxExpense": "175500000", "interestAndDebtExpense": "None", "netIncomeFromContinuingOperations": "424100000", "comprehensiveIncomeNetOfTax": "None", "ebit": "658600000", "ebitda": "935600000", "netIncome": "411400000"}, {"fiscalDateEnding": "2025-06-30", "reportedCurrency": "USD", "grossProfit": "518600000", "totalRevenue": "3005700000", "costOfRevenue": "2487100000", "costofGoodsAndServicesSold": "2487100000", "operatingIncome": "244400000", "sellingGeneralAndAdministrative": "167200000", "researchAndDevelopment": "None", "operatingExpenses": "274200000", "investmentIncomeNet": "None", "netInterestIncome": "-53000000", "interestIncome": "13100000", "interestExpense": "66100000", "nonInterestIncome": "None", "otherNonOperatingIncome": "None", "depreciation": "None", "depreciationAndAmortization": "261700000", "incomeBeforeTax": "565700000", "incomeTaxExpense": "146000000", "interestAndDebtExpense": "None", "netIncomeFromContinuingOperations": "419700000", "comprehensiveIncomeNetOfTax": "None", "ebit": "630400000", "ebitda": "892100000", "netIncome": "410700000"}, {"fiscalDateEnding": "2025-03-31", "reportedCurrency": "USD", "grossProfit": "488400000", "totalRevenue": "2620900000", "costOfRevenue": "2132500000", "costofGoodsAndServicesSold": "2132500000", "operatingIncome": "338500000", "sellingGeneralAndAdministrative": "122600000", "researchAndDevelopment": "None", "operatingExpenses": "149900000", "investmentIncomeNet": "None", "netInterestIncome": "-40700000", "interestIncome": "11500000", "interestExpense": "52200000", "nonInterestIncome": "None", "otherNonOperatingIncome": "None", "depreciation": "None", "depreciationAndAmortization": "243000000", "incomeBeforeTax": "313300000", "incomeTaxExpense": "63300000", "interestAndDebtExpense": "None", "netIncomeFromContinuingOperations": "250000000", "comprehensiveIncomeNetOfTax": "None", "ebit": "365000000", "ebitda": "608000000", "netIncome": "238100000"}, {"fiscalDateEnding": "2024-12-31", "reportedCurrency": "USD", "grossProfit": "301900000", "totalRevenue": "2815900000", "costOfRevenue": "2514000000", "costofGoodsAndServicesSold": "2514000000", "operatingIncome": "99900000", "sellingGeneralAndAdministrative": "113500000", "researchAndDevelopment": "None", "operatingExpenses": "202000000", "investmentIncomeNet": "None", "netInterestIncome": "-46700000", "interestIncome": "13300000", "interestExpense": "60000000", "nonInterestIncome": "None", "otherNonOperatingIncome": "None", "depreciation": "None", "depreciationAndAmortization": "282100000", "incomeBeforeTax": "199500000", "incomeTaxExpense": "33800000", "interestAndDebtExpense": "None", "netIncomeFromContinuingOperations": "165700000", "comprehensiveIncomeNetOfTax": "None", "ebit": "250400000", "ebitda": "532500000", "netIncome": "169000000"}, {"fiscalDateEnding": "2024-09-30", "reportedCurrency": "USD", "grossProfit": "416800000", "totalRevenue": "2810900000", "costOfRevenue": "2394100000", "costofGoodsAndServicesSold": "2394100000", "operatingIncome": "115400000", "sellingGeneralAndAdministrative": "148200000", "researchAndDevelopment": "None", "operatingExpenses": "301400000", "investmentIncomeNet": "None", "netInterestIncome": "-41700000", "interestIncome": "8900000", "interestExpense": "50600000", "nonInterestIncome": "None", "otherNonOperatingIncome": "None", "depreciation": "None", "depreciationAndAmortization": "237900000", "incomeBeforeTax": "178700000", "incomeTaxExpense": "48000000", "interestAndDebtExpense": "None", "netIncomeFromContinuingOperations": "130700000", "comprehensiveIncomeNetOfTax": "None", "ebit": "224800000", "ebitda": "462700000", "netIncome": "122200000"}, {"fiscalDateEnding": "2024-06-30", "reportedCurrency": "USD", "grossProfit": "394000000", "totalRevenue": "2816600000", "costOfRevenue": "2422600000", "costofGoodsAndServicesSold": "2422600000", "operatingIncome": "233300000", "sellingGeneralAndAdministrative": "128400000", "researchAndDevelopment": "None", "operatingExpenses": "160700000", "investmentIncomeNet": "None", "netInterestIncome": "-46400000", "interestIncome": "14800000", "interestExpense": "61200000", "nonInterestIncome": "None", "otherNonOperatingIncome": "None", "depreciation": "None", "depreciationAndAmortization": "264400000", "incomeBeforeTax": "-52200000", "incomeTaxExpense": "98700000", "interestAndDebtExpense": "None", "netIncomeFromContinuingOperations": "-150900000", "comprehensiveIncomeNetOfTax": "None", "ebit": "-13200000", "ebitda": "251200000", "netIncome": "-161500000"}, {"fiscalDateEnding": "2024-03-31", "reportedCurrency": "USD", "grossProfit": "399200000", "totalRevenue": "2679400000", "costOfRevenue": "2280200000", "costofGoodsAndServicesSold": "2280200000", "operatingIncome": "172900000", "sellingGeneralAndAdministrative": "106800000", "researchAndDevelopment": "None", "operatingExpenses": "226300000", "investmentIncomeNet": "None", "netInterestIncome": "-48000000", "interestIncome": "10200000", "interestExpense": "58200000", "nonInterestIncome": "None", "otherNonOperatingIncome": "None", "depreciation": "None", "depreciationAndAmortization": "241100000", "incomeBeforeTax": "62700000", "incomeTaxExpense": "6200000", "interestAndDebtExpense": "None", "netIncomeFromContinuingOperations": "56500000", "comprehensiveIncomeNetOfTax": "None", "ebit": "83400000", "ebitda": "324500000", "netIncome": "45200000"}, {"fiscalDateEnding": "2023-12-31", "reportedCurrency": "USD", "grossProfit": "559500000", "totalRevenue": "3149500000", "costOfRevenue": "2590000000", "costofGoodsAndServicesSold": "2590000000", "operatingIncome": "278500000", "sellingGeneralAndAdministrative": "123000000", "researchAndDevelopment": "None", "operatingExpenses": "281000000", "investmentIncomeNet": "None", "netInterestIncome": "-34900000", "interestIncome": "16300000", "interestExpense": "51200000", "nonInterestIncome": "None", "otherNonOperatingIncome": "None", "depreciation": "None", "depreciationAndAmortization": "257700000", "incomeBeforeTax": "323900000", "incomeTaxExpense": "-44100000", "interestAndDebtExpense": "None", "netIncomeFromContinuingOperations": "368000000", "comprehensiveIncomeNetOfTax": "None", "ebit": "375100000", "ebitda": "632800000", "netIncome": "365300000"}, {"fiscalDateEnding": "2023-09-30", "reportedCurrency": "USD", "grossProfit": "409600000", "totalRevenue": "3548300000", "costOfRevenue": "3138700000", "costofGoodsAndServicesSold": "3138700000", "operatingIncome": "145800000", "sellingGeneralAndAdministrative": "119900000", "researchAndDevelopment": "None", "operatingExpenses": "263800000", "investmentIncomeNet": "None", "netInterestIncome": "-17400000", "interestIncome": "114300000", "interestExpense": "40300000", "nonInterestIncome": "None", "otherNonOperatingIncome": "None", "depreciation": "None", "depreciationAndAmortization": "238700000", "incomeBeforeTax": "-2800000", "incomeTaxExpense": "-5900000", "interestAndDebtExpense": "None", "netIncomeFromContinuingOperations": "3100000", "comprehensiveIncomeNetOfTax": "None", "ebit": "21700000", "ebitda": "260400000", "netIncome": "-4200000"}, {"fiscalDateEnding": "2023-06-30", "reportedCurrency": "USD", "grossProfit": "571100000", "totalRevenue": "3394000000", "costOfRevenue": "2822900000", "costofGoodsAndServicesSold": "2822900000", "operatingIncome": "369200000", "sellingGeneralAndAdministrative": "129900000", "researchAndDevelopment": "None", "operatingExpenses": "201900000", "investmentIncomeNet": "None", "netInterestIncome": "-36000000", "interestIncome": "112500000", "interestExpense": "47300000", "nonInterestIncome": "None", "otherNonOperatingIncome": "154300000", "depreciation": "None", "depreciationAndAmortization": "244200000", "incomeBeforeTax": "487500000", "incomeTaxExpense": "108400000", "interestAndDebtExpense": "None", "netIncomeFromContinuingOperations": "366200000", "comprehensiveIncomeNetOfTax": "None", "ebit": "521900000", "ebitda": "766100000", "netIncome": "369000000"}, {"fiscalDateEnding": "2023-03-31", "reportedCurrency": "USD", "grossProfit": "670400000", "totalRevenue": "3604300000", "costOfRevenue": "2933900000", "costofGoodsAndServicesSold": "2933900000", "operatingIncome": "544600000", "sellingGeneralAndAdministrative": "127700000", "researchAndDevelopment": "None", "operatingExpenses": "125800000", "investmentIncomeNet": "None", "netInterestIncome": "-41100000", "interestIncome": "10300000", "interestExpense": "50200000", "nonInterestIncome": "None", "otherNonOperatingIncome": "73800000", "depreciation": "None", "depreciationAndAmortization": "220000000", "incomeBeforeTax": "577300000", "incomeTaxExpense": "118300000", "interestAndDebtExpense": "None", "netIncomeFromContinuingOperations": "427700000", "comprehensiveIncomeNetOfTax": "None", "ebit": "596200000", "ebitda": "816200000", "netIncome": "434800000"}, {"fiscalDateEnding": "2022-12-31", "reportedCurrency": "USD", "grossProfit": "968400000", "totalRevenue": "4481300000", "costOfRevenue": "3512900000", "costofGoodsAndServicesSold": "3512900000", "operatingIncome": "700600000", "sellingGeneralAndAdministrative": "132900000", "researchAndDevelopment": "None", "operatingExpenses": "267800000", "investmentIncomeNet": "None", "netInterestIncome": "-33800000", "interestIncome": "9800000", "interestExpense": "43600000", "nonInterestIncome": "None", "otherNonOperatingIncome": "383600000", "depreciation": "None", "depreciationAndAmortization": "233000000", "incomeBeforeTax": "734500000", "incomeTaxExpense": "206000000", "interestAndDebtExpense": "None", "netIncomeFromContinuingOperations": "528500000", "comprehensiveIncomeNetOfTax": "None", "ebit": "720800000", "ebitda": "953800000", "netIncome": "523200000"}, {"fiscalDateEnding": "2022-09-30", "reportedCurrency": "USD", "grossProfit": "1502000000", "totalRevenue": "5348500000", "costOfRevenue": "3846500000", "costofGoodsAndServicesSold": "3846500000", "operatingIncome": "1154700000", "sellingGeneralAndAdministrative": "124500000", "researchAndDevelopment": "None", "operatingExpenses": "347300000", "investmentIncomeNet": "None", "netInterestIncome": "-30600000", "interestIncome": "91700000", "interestExpense": "38200000", "nonInterestIncome": "None", "otherNonOperatingIncome": "8700000", "depreciation": "None", "depreciationAndAmortization": "229200000", "incomeBeforeTax": "1132800000", "incomeTaxExpense": "276600000", "interestAndDebtExpense": "None", "netIncomeFromContinuingOperations": "856200000", "comprehensiveIncomeNetOfTax": "None", "ebit": "1098900000", "ebitda": "1328100000", "netIncome": "841700000"}, {"fiscalDateEnding": "2022-06-30", "reportedCurrency": "USD", "grossProfit": "1846300000", "totalRevenue": "5373100000", "costOfRevenue": "3526800000", "costofGoodsAndServicesSold": "3526800000", "operatingIncome": "1674200000", "sellingGeneralAndAdministrative": "108200000", "researchAndDevelopment": "None", "operatingExpenses": "172100000", "investmentIncomeNet": "None", "netInterestIncome": "-34100000", "interestIncome": "9000000", "interestExpense": "43100000", "nonInterestIncome": "None", "otherNonOperatingIncome": "-227000000", "depreciation": "None", "depreciationAndAmortization": "245000000", "incomeBeforeTax": "1413100000", "incomeTaxExpense": "369300000", "interestAndDebtExpense": "None", "netIncomeFromContinuingOperations": "1043800000", "comprehensiveIncomeNetOfTax": "None", "ebit": "1420300000", "ebitda": "1665300000", "netIncome": "1035900000"}, {"fiscalDateEnding": "2022-03-31", "reportedCurrency": "USD", "grossProfit": "1439100000", "totalRevenue": "3922300000", "costOfRevenue": "2483200000", "costofGoodsAndServicesSold": "2483200000", "operatingIncome": "1255800000", "sellingGeneralAndAdministrative": "132400000", "researchAndDevelopment": "None", "operatingExpenses": "183300000", "investmentIncomeNet": "None", "netInterestIncome": "-39300000", "interestIncome": "4600000", "interestExpense": "43900000", "nonInterestIncome": "None", "otherNonOperatingIncome": "30700000", "depreciation": "None", "depreciationAndAmortization": "226700000", "incomeBeforeTax": "1527400000", "incomeTaxExpense": "372400000", "interestAndDebtExpense": "None", "netIncomeFromContinuingOperations": "1155000000", "comprehensiveIncomeNetOfTax": "None", "ebit": "1598300000", "ebitda": "1825000000", "netIncome": "1182000000"}, {"fiscalDateEnding": "2021-12-31", "reportedCurrency": "USD", "grossProfit": "1148600000", "totalRevenue": "3841000000", "costOfRevenue": "2692400000", "costofGoodsAndServicesSold": "2692400000", "operatingIncome": "969700000", "sellingGeneralAndAdministrative": "123500000", "researchAndDevelopment": "None", "operatingExpenses": "178900000", "investmentIncomeNet": "None", "netInterestIncome": "-39000000", "interestIncome": "82700000", "interestExpense": "46500000", "nonInterestIncome": "None", "otherNonOperatingIncome": "None", "depreciation": "None", "depreciationAndAmortization": "214200000", "incomeBeforeTax": "906900000", "incomeTaxExpense": "245500000", "interestAndDebtExpense": "None", "netIncomeFromContinuingOperations": "661400000", "comprehensiveIncomeNetOfTax": "None", "ebit": "932400000", "ebitda": "1146600000", "netIncome": "664800000"}, {"fiscalDateEnding": "2021-09-30", "reportedCurrency": "USD", "grossProfit": "864500000", "totalRevenue": "3418600000", "costOfRevenue": "2554100000", "costofGoodsAndServicesSold": "2554100000", "operatingIncome": "701600000", "sellingGeneralAndAdministrative": "97700000", "researchAndDevelopment": "None", "operatingExpenses": "162900000", "investmentIncomeNet": "None", "netInterestIncome": "-47800000", "interestIncome": "147900000", "interestExpense": "54600000", "nonInterestIncome": "None", "otherNonOperatingIncome": "-1200000", "depreciation": "None", "depreciationAndAmortization": "186100000", "incomeBeforeTax": "553100000", "incomeTaxExpense": "176600000", "interestAndDebtExpense": "None", "netIncomeFromContinuingOperations": "376500000", "comprehensiveIncomeNetOfTax": "None", "ebit": "608900000", "ebitda": "795000000", "netIncome": "371900000"}, {"fiscalDateEnding": "2021-06-30", "reportedCurrency": "USD", "grossProfit": "752300000", "totalRevenue": "2800700000", "costOfRevenue": "2048400000", "costofGoodsAndServicesSold": "2048400000", "operatingIncome": "484000000", "sellingGeneralAndAdministrative": "107600000", "researchAndDevelopment": "None", "operatingExpenses": "268300000", "investmentIncomeNet": "None", "netInterestIncome": "-37300000", "interestIncome": "74800000", "interestExpense": "43800000", "nonInterestIncome": "None", "otherNonOperatingIncome": "-4500000", "depreciation": "None", "depreciationAndAmortization": "203500000", "incomeBeforeTax": "554700000", "incomeTaxExpense": "115900000", "interestAndDebtExpense": "None", "netIncomeFromContinuingOperations": "438800000", "comprehensiveIncomeNetOfTax": "None", "ebit": "603000000", "ebitda": "806500000", "netIncome": "437200000"}, {"fiscalDateEnding": "2021-03-31", "reportedCurrency": "USD", "grossProfit": "434900000", "totalRevenue": "2297100000", "costOfRevenue": "1862200000", "costofGoodsAndServicesSold": "1862200000", "operatingIncome": "313200000", "sellingGeneralAndAdministrative": "101000000", "researchAndDevelopment": "None", "operatingExpenses": "121700000", "investmentIncomeNet": "None", "netInterestIncome": "-45000000", "interestIncome": "87800000", "interestExpense": "49400000", "nonInterestIncome": "None", "otherNonOperatingIncome": "-7500000", "depreciation": "None", "depreciationAndAmortization": "209100000", "incomeBeforeTax": "217900000", "incomeTaxExpense": "59700000", "interestAndDebtExpense": "None", "netIncomeFromContinuingOperations": "158200000", "comprehensiveIncomeNetOfTax": "None", "ebit": "274800000", "ebitda": "483900000", "netIncome": "156700000"}, {"fiscalDateEnding": "2020-12-31", "reportedCurrency": "USD", "grossProfit": "411400000", "totalRevenue": "2457400000", "costOfRevenue": "2046000000", "costofGoodsAndServicesSold": "2046000000", "operatingIncome": "294800000", "sellingGeneralAndAdministrative": "110900000", "researchAndDevelopment": "None", "operatingExpenses": "116600000", "investmentIncomeNet": "None", "netInterestIncome": "-47200000", "interestIncome": "62800000", "interestExpense": "55500000", "nonInterestIncome": "None", "otherNonOperatingIncome": "None", "depreciation": "None", "depreciationAndAmortization": "208500000", "incomeBeforeTax": "347400000", "incomeTaxExpense": "-480900000", "interestAndDebtExpense": "None", "netIncomeFromContinuingOperations": "828300000", "comprehensiveIncomeNetOfTax": "None", "ebit": "414400000", "ebitda": "622900000", "netIncome": "827900000"}, {"fiscalDateEnding": "2020-09-30", "reportedCurrency": "USD", "grossProfit": "355100000", "totalRevenue": "2381500000", "costOfRevenue": "2026400000", "costofGoodsAndServicesSold": "2026400000", "operatingIncome": "98500000", "sellingGeneralAndAdministrative": "97600000", "researchAndDevelopment": "None", "operatingExpenses": "256600000", "investmentIncomeNet": "None", "netInterestIncome": "-43000000", "interestIncome": "37200000", "interestExpense": "50800000", "nonInterestIncome": "None", "otherNonOperatingIncome": "-32500000", "depreciation": "None", "depreciationAndAmortization": "205900000", "incomeBeforeTax": "33500000", "incomeTaxExpense": "38100000", "interestAndDebtExpense": "None", "netIncomeFromContinuingOperations": "27900000", "comprehensiveIncomeNetOfTax": "None", "ebit": "116800000", "ebitda": "322700000", "netIncome": "-6200000"}, {"fiscalDateEnding": "2020-06-30", "reportedCurrency": "USD", "grossProfit": "257000000", "totalRevenue": "2044700000", "costOfRevenue": "1787700000", "costofGoodsAndServicesSold": "1787700000", "operatingIncome": "85800000", "sellingGeneralAndAdministrative": "95100000", "researchAndDevelopment": "None", "operatingExpenses": "171200000", "investmentIncomeNet": "None", "netInterestIncome": "-49300000", "interestIncome": "7700000", "interestExpense": "57000000", "nonInterestIncome": "None", "otherNonOperatingIncome": "-29800000", "depreciation": "None", "depreciationAndAmortization": "215400000", "incomeBeforeTax": "43200000", "incomeTaxExpense": "-2700000", "interestAndDebtExpense": "None", "netIncomeFromContinuingOperations": "75700000", "comprehensiveIncomeNetOfTax": "None", "ebit": "130000000", "ebitda": "345400000", "netIncome": "47400000"}, {"fiscalDateEnding": "2020-03-31", "reportedCurrency": "USD", "grossProfit": "41400000", "totalRevenue": "1798100000", "costOfRevenue": "1756700000", "costofGoodsAndServicesSold": "1756700000", "operatingIncome": "-66200000", "sellingGeneralAndAdministrative": "67900000", "researchAndDevelopment": "None", "operatingExpenses": "107600000", "investmentIncomeNet": "None", "netInterestIncome": "-41100000", "interestIncome": "9700000", "interestExpense": "50800000", "nonInterestIncome": "None", "otherNonOperatingIncome": "-229700000", "depreciation": "None", "depreciationAndAmortization": "217800000", "incomeBeforeTax": "-337000000", "incomeTaxExpense": "-133000000", "interestAndDebtExpense": "None", "netIncomeFromContinuingOperations": "-184000000", "comprehensiveIncomeNetOfTax": "None", "ebit": "-266200000", "ebitda": "-48400000", "netIncome": "-203000000"}, {"fiscalDateEnding": "2019-12-31", "reportedCurrency": "USD", "grossProfit": "80700000", "totalRevenue": "2076300000", "costOfRevenue": "1995600000", "costofGoodsAndServicesSold": "1995600000", "operatingIncome": "-1194600000", "sellingGeneralAndAdministrative": "104300000", "researchAndDevelopment": "None", "operatingExpenses": "1275300000", "investmentIncomeNet": "None", "netInterestIncome": "-46700000", "interestIncome": "8200000", "interestExpense": "54900000", "nonInterestIncome": "None", "otherNonOperatingIncome": "2100000", "depreciation": "None", "depreciationAndAmortization": "233100000", "incomeBeforeTax": "-1239200000", "incomeTaxExpense": "-288800000", "interestAndDebtExpense": "None", "netIncomeFromContinuingOperations": "-925300000", "comprehensiveIncomeNetOfTax": "None", "ebit": "-1159200000", "ebitda": "-926100000", "netIncome": "-921000000"}, {"fiscalDateEnding": "2019-09-30", "reportedCurrency": "USD", "grossProfit": "279900000", "totalRevenue": "2753400000", "costOfRevenue": "2473500000", "costofGoodsAndServicesSold": "2473500000", "operatingIncome": "139500000", "sellingGeneralAndAdministrative": "78200000", "researchAndDevelopment": "None", "operatingExpenses": "140400000", "investmentIncomeNet": "None", "netInterestIncome": "-43200000", "interestIncome": "9900000", "interestExpense": "53100000", "nonInterestIncome": "None", "otherNonOperatingIncome": "-67100000", "depreciation": "None", "depreciationAndAmortization": "210800000", "incomeBeforeTax": "29200000", "incomeTaxExpense": "69200000", "interestAndDebtExpense": "None", "netIncomeFromContinuingOperations": "-17000000", "comprehensiveIncomeNetOfTax": "None", "ebit": "105300000", "ebitda": "316100000", "netIncome": "-44100000"}, {"fiscalDateEnding": "2019-06-30", "reportedCurrency": "USD", "grossProfit": "227200000", "totalRevenue": "2176900000", "costOfRevenue": "1949700000", "costofGoodsAndServicesSold": "1949700000", "operatingIncome": "-241900000", "sellingGeneralAndAdministrative": "78100000", "researchAndDevelopment": "None", "operatingExpenses": "469100000", "investmentIncomeNet": "None", "netInterestIncome": "-46000000", "interestIncome": "7100000", "interestExpense": "53100000", "nonInterestIncome": "None", "otherNonOperatingIncome": "5900000", "depreciation": "None", "depreciationAndAmortization": "220700000", "incomeBeforeTax": "-282000000", "incomeTaxExpense": "-51700000", "interestAndDebtExpense": "None", "netIncomeFromContinuingOperations": "-219100000", "comprehensiveIncomeNetOfTax": "None", "ebit": "-217700000", "ebitda": "3000000", "netIncome": "-233100000"}, {"fiscalDateEnding": "2019-03-31", "reportedCurrency": "USD", "grossProfit": "309500000", "totalRevenue": "1899700000", "costOfRevenue": "1590200000", "costofGoodsAndServicesSold": "1590200000", "operatingIncome": "202100000", "sellingGeneralAndAdministrative": "93500000", "researchAndDevelopment": "None", "operatingExpenses": "107400000", "investmentIncomeNet": "None", "netInterestIncome": "-47000000", "interestIncome": "24400000", "interestExpense": "54900000", "nonInterestIncome": "None", "otherNonOperatingIncome": "21400000", "depreciation": "None", "depreciationAndAmortization": "218100000", "incomeBeforeTax": "176500000", "incomeTaxExpense": "46600000", "interestAndDebtExpense": "None", "netIncomeFromContinuingOperations": "130000000", "comprehensiveIncomeNetOfTax": "None", "ebit": "231500000", "ebitda": "449600000", "netIncome": "130800000"}, {"fiscalDateEnding": "2018-12-31", "reportedCurrency": "USD", "grossProfit": "466200000", "totalRevenue": "2520500000", "costOfRevenue": "2054300000", "costofGoodsAndServicesSold": "2054300000", "operatingIncome": "258000000", "sellingGeneralAndAdministrative": "89700000", "researchAndDevelopment": "0", "operatingExpenses": "208200000", "investmentIncomeNet": "None", "netInterestIncome": "None", "interestIncome": "None", "interestExpense": "43900000", "nonInterestIncome": "None", "otherNonOperatingIncome": "-82600000", "depreciation": "None", "depreciationAndAmortization": "235100000", "incomeBeforeTax": "144700000", "incomeTaxExpense": "32700000", "interestAndDebtExpense": "None", "netIncomeFromContinuingOperations": "112600000", "comprehensiveIncomeNetOfTax": "None", "ebit": "189200000", "ebitda": "424300000", "netIncome": "112300000"}, {"fiscalDateEnding": "2018-09-30", "reportedCurrency": "USD", "grossProfit": "495500000", "totalRevenue": "2928100000", "costOfRevenue": "2432600000", "costofGoodsAndServicesSold": "2432600000", "operatingIncome": "393300000", "sellingGeneralAndAdministrative": "78500000", "researchAndDevelopment": "0", "operatingExpenses": "102200000", "investmentIncomeNet": "None", "netInterestIncome": "None", "interestIncome": "None", "interestExpense": "57700000", "nonInterestIncome": "None", "otherNonOperatingIncome": "-12100000", "depreciation": "None", "depreciationAndAmortization": "214500000", "incomeBeforeTax": "340300000", "incomeTaxExpense": "90600000", "interestAndDebtExpense": "None", "netIncomeFromContinuingOperations": "252000000", "comprehensiveIncomeNetOfTax": "None", "ebit": "400300000", "ebitda": "614800000", "netIncome": "247500000"}, {"fiscalDateEnding": "2018-06-30", "reportedCurrency": "USD", "grossProfit": "294600000", "totalRevenue": "2205000000", "costOfRevenue": "1910400000", "costofGoodsAndServicesSold": "1910400000", "operatingIncome": "196300000", "sellingGeneralAndAdministrative": "79300000", "researchAndDevelopment": "0", "operatingExpenses": "98300000", "investmentIncomeNet": "None", "netInterestIncome": "None", "interestIncome": "None", "interestExpense": "55700000", "nonInterestIncome": "None", "otherNonOperatingIncome": "-79400000", "depreciation": "None", "depreciationAndAmortization": "216800000", "incomeBeforeTax": "71800000", "incomeTaxExpense": "3700000", "interestAndDebtExpense": "None", "netIncomeFromContinuingOperations": "66400000", "comprehensiveIncomeNetOfTax": "None", "ebit": "125800000", "ebitda": "342600000", "netIncome": "67900000"}, {"fiscalDateEnding": "2018-03-31", "reportedCurrency": "USD", "grossProfit": "242100000", "totalRevenue": "1933700000", "costOfRevenue": "1691600000", "costofGoodsAndServicesSold": "1691600000", "operatingIncome": "80700000", "sellingGeneralAndAdministrative": "93600000", "researchAndDevelopment": "0", "operatingExpenses": "161400000", "investmentIncomeNet": "None", "netInterestIncome": "None", "interestIncome": "None", "interestExpense": "58500000", "nonInterestIncome": "None", "otherNonOperatingIncome": "-41100000", "depreciation": "None", "depreciationAndAmortization": "217500000", "incomeBeforeTax": "-9800000", "incomeTaxExpense": "-49900000", "interestAndDebtExpense": "None", "netIncomeFromContinuingOperations": "43400000", "comprehensiveIncomeNetOfTax": "None", "ebit": "52000000", "ebitda": "269500000", "netIncome": "42300000"}, {"fiscalDateEnding": "2017-12-31", "reportedCurrency": "USD", "grossProfit": "280100000", "totalRevenue": "2091900000", "costOfRevenue": "1811800000", "costofGoodsAndServicesSold": "1811800000", "operatingIncome": "127100000", "sellingGeneralAndAdministrative": "83100000", "researchAndDevelopment": "0", "operatingExpenses": "153000000", "investmentIncomeNet": "None", "netInterestIncome": "None", "interestIncome": "None", "interestExpense": "50900000", "nonInterestIncome": "None", "otherNonOperatingIncome": "-27000000", "depreciation": "None", "depreciationAndAmortization": "172000000", "incomeBeforeTax": "60400000", "incomeTaxExpense": "490200000", "interestAndDebtExpense": "None", "netIncomeFromContinuingOperations": "-431000000", "comprehensiveIncomeNetOfTax": "None", "ebit": "110100000", "ebitda": "282100000", "netIncome": "-431100000"}, {"fiscalDateEnding": "2017-09-30", "reportedCurrency": "USD", "grossProfit": "240800000", "totalRevenue": "1984800000", "costOfRevenue": "1744000000", "costofGoodsAndServicesSold": "1744000000", "operatingIncome": "213900000", "sellingGeneralAndAdministrative": "66100000", "researchAndDevelopment": "0", "operatingExpenses": "26900000", "investmentIncomeNet": "None", "netInterestIncome": "None", "interestIncome": "None", "interestExpense": "43200000", "nonInterestIncome": "None", "otherNonOperatingIncome": "69500000", "depreciation": "None", "depreciationAndAmortization": "168800000", "incomeBeforeTax": "247200000", "incomeTaxExpense": "17600000", "interestAndDebtExpense": "None", "netIncomeFromContinuingOperations": "219800000", "comprehensiveIncomeNetOfTax": "None", "ebit": "280600000", "ebitda": "449400000", "netIncome": "227500000"}, {"fiscalDateEnding": "2017-06-30", "reportedCurrency": "USD", "grossProfit": "192300000", "totalRevenue": "1754600000", "costOfRevenue": "1562300000", "costofGoodsAndServicesSold": "1562300000", "operatingIncome": "94600000", "sellingGeneralAndAdministrative": "71200000", "researchAndDevelopment": "0", "operatingExpenses": "97700000", "investmentIncomeNet": "None", "netInterestIncome": "None", "interestIncome": "None", "interestExpense": "44300000", "nonInterestIncome": "None", "otherNonOperatingIncome": "16300000", "depreciation": "None", "depreciationAndAmortization": "165900000", "incomeBeforeTax": "74500000", "incomeTaxExpense": "-22600000", "interestAndDebtExpense": "None", "netIncomeFromContinuingOperations": "91300000", "comprehensiveIncomeNetOfTax": "None", "ebit": "113000000", "ebitda": "278900000", "netIncome": "97300000"}, {"fiscalDateEnding": "2017-03-31", "reportedCurrency": "USD", "grossProfit": "129600000", "totalRevenue": "1578100000", "costOfRevenue": "1448500000", "costofGoodsAndServicesSold": "1448500000", "operatingIncome": "30100000", "sellingGeneralAndAdministrative": "80900000", "researchAndDevelopment": "0", "operatingExpenses": "99500000", "investmentIncomeNet": "None", "netInterestIncome": "None", "interestIncome": "None", "interestExpense": "32900000", "nonInterestIncome": "None", "otherNonOperatingIncome": "4300000", "depreciation": "None", "depreciationAndAmortization": "158800000", "incomeBeforeTax": "8600000", "incomeTaxExpense": "9700000", "interestAndDebtExpense": "None", "netIncomeFromContinuingOperations": "-1000000", "comprehensiveIncomeNetOfTax": "None", "ebit": "41600000", "ebitda": "200400000", "netIncome": "-900000"}, {"fiscalDateEnding": "2016-12-31", "reportedCurrency": "USD", "grossProfit": "205900000", "totalRevenue": "1862100000", "costOfRevenue": "1656200000", "costofGoodsAndServicesSold": "1656200000", "operatingIncome": "73600000", "sellingGeneralAndAdministrative": "74600000", "researchAndDevelopment": "0", "operatingExpenses": "132300000", "investmentIncomeNet": "None", "netInterestIncome": "None", "interestIncome": "None", "interestExpense": "36300000", "nonInterestIncome": "None", "otherNonOperatingIncome": "-37200000", "depreciation": "None", "depreciationAndAmortization": "165500000", "incomeBeforeTax": "9100000", "incomeTaxExpense": "-5500000", "interestAndDebtExpense": "None", "netIncomeFromContinuingOperations": "17200000", "comprehensiveIncomeNetOfTax": "None", "ebit": "48000000", "ebitda": "213500000", "netIncome": "11900000"}, {"fiscalDateEnding": "2016-09-30", "reportedCurrency": "USD", "grossProfit": "213300000", "totalRevenue": "1952200000", "costOfRevenue": "1738900000", "costofGoodsAndServicesSold": "1738900000", "operatingIncome": "69700000", "sellingGeneralAndAdministrative": "66900000", "researchAndDevelopment": "0", "operatingExpenses": "143600000", "investmentIncomeNet": "None", "netInterestIncome": "None", "interestIncome": "None", "interestExpense": "33700000", "nonInterestIncome": "None", "otherNonOperatingIncome": "-33600000", "depreciation": "None", "depreciationAndAmortization": "172700000", "incomeBeforeTax": "10600000", "incomeTaxExpense": "-30100000", "interestAndDebtExpense": "None", "netIncomeFromContinuingOperations": "42400000", "comprehensiveIncomeNetOfTax": "None", "ebit": "46000000", "ebitda": "218700000", "netIncome": "39200000"}, {"fiscalDateEnding": "2016-06-30", "reportedCurrency": "USD", "grossProfit": "154000000", "totalRevenue": "1674600000", "costOfRevenue": "1520600000", "costofGoodsAndServicesSold": "1520600000", "operatingIncome": "12300000", "sellingGeneralAndAdministrative": "72900000", "researchAndDevelopment": "0", "operatingExpenses": "141700000", "investmentIncomeNet": "None", "netInterestIncome": "None", "interestIncome": "None", "interestExpense": "38900000", "nonInterestIncome": "None", "otherNonOperatingIncome": "300000", "depreciation": "None", "depreciationAndAmortization": "189300000", "incomeBeforeTax": "-20900000", "incomeTaxExpense": "-9800000", "interestAndDebtExpense": "None", "netIncomeFromContinuingOperations": "2600000", "comprehensiveIncomeNetOfTax": "None", "ebit": "31700000", "ebitda": "221000000", "netIncome": "-10200000"}, {"fiscalDateEnding": "2016-03-31", "reportedCurrency": "USD", "grossProfit": "236700000", "totalRevenue": "1674000000", "costOfRevenue": "1437300000", "costofGoodsAndServicesSold": "1437300000", "operatingIncome": "163400000", "sellingGeneralAndAdministrative": "89800000", "researchAndDevelopment": "0", "operatingExpenses": "73300000", "investmentIncomeNet": "None", "netInterestIncome": "None", "interestIncome": "None", "interestExpense": "31800000", "nonInterestIncome": "None", "otherNonOperatingIncome": "90900000", "depreciation": "None", "depreciationAndAmortization": "183700000", "incomeBeforeTax": "228200000", "incomeTaxExpense": "-28700000", "interestAndDebtExpense": "None", "netIncomeFromContinuingOperations": "256800000", "comprehensiveIncomeNetOfTax": "None", "ebit": "257500000", "ebitda": "441200000", "netIncome": "256800000"}, {"fiscalDateEnding": "2015-12-31", "reportedCurrency": "USD", "grossProfit": "355500000", "totalRevenue": "2163200000", "costOfRevenue": "1807700000", "costofGoodsAndServicesSold": "1807700000", "operatingIncome": "204300000", "sellingGeneralAndAdministrative": "94900000", "researchAndDevelopment": "0", "operatingExpenses": "151200000", "investmentIncomeNet": "None", "netInterestIncome": "None", "interestIncome": "None", "interestExpense": "31700000", "nonInterestIncome": "None", "otherNonOperatingIncome": "-44300000", "depreciation": "None", "depreciationAndAmortization": "185000000", "incomeBeforeTax": "141200000", "incomeTaxExpense": "-14300000", "interestAndDebtExpense": "None", "netIncomeFromContinuingOperations": "156100000", "comprehensiveIncomeNetOfTax": "None", "ebit": "173400000", "ebitda": "358400000", "netIncome": "155000000"}, {"fiscalDateEnding": "2015-09-30", "reportedCurrency": "USD", "grossProfit": "335300000", "totalRevenue": "2105500000", "costOfRevenue": "1770200000", "costofGoodsAndServicesSold": "1770200000", "operatingIncome": "246000000", "sellingGeneralAndAdministrative": "76600000", "researchAndDevelopment": "0", "operatingExpenses": "89300000", "investmentIncomeNet": "None", "netInterestIncome": "None", "interestIncome": "None", "interestExpense": "35300000", "nonInterestIncome": "None", "otherNonOperatingIncome": "-51000000", "depreciation": "None", "depreciationAndAmortization": "180900000", "incomeBeforeTax": "170800000", "incomeTaxExpense": "10100000", "interestAndDebtExpense": "None", "netIncomeFromContinuingOperations": "162000000", "comprehensiveIncomeNetOfTax": "None", "ebit": "207400000", "ebitda": "388300000", "netIncome": "160000000"}, {"fiscalDateEnding": "2015-06-30", "reportedCurrency": "USD", "grossProfit": "607900000", "totalRevenue": "2487500000", "costOfRevenue": "1879600000", "costofGoodsAndServicesSold": "1879600000", "operatingIncome": "510000000", "sellingGeneralAndAdministrative": "89300000", "researchAndDevelopment": "0", "operatingExpenses": "97900000", "investmentIncomeNet": "None", "netInterestIncome": "None", "interestIncome": "None", "interestExpense": "31800000", "nonInterestIncome": "None", "otherNonOperatingIncome": "-22900000", "depreciation": "None", "depreciationAndAmortization": "191100000", "incomeBeforeTax": "463600000", "incomeTaxExpense": "72600000", "interestAndDebtExpense": "None", "netIncomeFromContinuingOperations": "390100000", "comprehensiveIncomeNetOfTax": "None", "ebit": "494500000", "ebitda": "685600000", "netIncome": "390600000"}, {"fiscalDateEnding": "2015-03-31", "reportedCurrency": "USD", "grossProfit": "419200000", "totalRevenue": "2139100000", "costOfRevenue": "1719900000", "costofGoodsAndServicesSold": "1719900000", "operatingIncome": "318500000", "sellingGeneralAndAdministrative": "100400000", "researchAndDevelopment": "0", "operatingExpenses": "100700000", "investmentIncomeNet": "None", "netInterestIncome": "None", "interestIncome": "None", "interestExpense": "34800000", "nonInterestIncome": "None", "otherNonOperatingIncome": "38100000", "depreciation": "None", "depreciationAndAmortization": "182800000", "incomeBeforeTax": "325300000", "incomeTaxExpense": "30700000", "interestAndDebtExpense": "None", "netIncomeFromContinuingOperations": "296000000", "comprehensiveIncomeNetOfTax": "None", "ebit": "361500000", "ebitda": "544300000", "netIncome": "294800000"}, {"fiscalDateEnding": "2014-12-31", "reportedCurrency": "USD", "grossProfit": "579100000", "totalRevenue": "2378600000", "costOfRevenue": "1799500000", "costofGoodsAndServicesSold": "1799500000", "operatingIncome": "364600000", "sellingGeneralAndAdministrative": "91100000", "researchAndDevelopment": "0", "operatingExpenses": "214500000", "investmentIncomeNet": "None", "netInterestIncome": "None", "interestIncome": "None", "interestExpense": "35800000", "nonInterestIncome": "None", "otherNonOperatingIncome": "55000000", "depreciation": "None", "depreciationAndAmortization": "192700000", "incomeBeforeTax": "388600000", "incomeTaxExpense": "27000000", "interestAndDebtExpense": "None", "netIncomeFromContinuingOperations": "354200000", "comprehensiveIncomeNetOfTax": "None", "ebit": "417000000", "ebitda": "609700000", "netIncome": "360700000"}, {"fiscalDateEnding": "2014-09-30", "reportedCurrency": "USD", "grossProfit": "414700000", "totalRevenue": "2250700000", "costOfRevenue": "1836000000", "costofGoodsAndServicesSold": "1836000000", "operatingIncome": "277300000", "sellingGeneralAndAdministrative": "83900000", "researchAndDevelopment": "0", "operatingExpenses": "137400000", "investmentIncomeNet": "None", "netInterestIncome": "None", "interestIncome": "None", "interestExpense": "31400000", "nonInterestIncome": "None", "otherNonOperatingIncome": "23100000", "depreciation": "None", "depreciationAndAmortization": "189500000", "incomeBeforeTax": "280500000", "incomeTaxExpense": "77600000", "interestAndDebtExpense": "None", "netIncomeFromContinuingOperations": "207000000", "comprehensiveIncomeNetOfTax": "None", "ebit": "316000000", "ebitda": "505500000", "netIncome": "201900000"}, {"fiscalDateEnding": "2014-06-30", "reportedCurrency": "USD", "grossProfit": "521100000", "totalRevenue": "2440200000", "costOfRevenue": "1919100000", "costofGoodsAndServicesSold": "1919100000", "operatingIncome": "403200000", "sellingGeneralAndAdministrative": "87500000", "researchAndDevelopment": "0", "operatingExpenses": "117900000", "investmentIncomeNet": "None", "netInterestIncome": "None", "interestIncome": "None", "interestExpense": "30600000", "nonInterestIncome": "None", "otherNonOperatingIncome": "-42200000", "depreciation": "None", "depreciationAndAmortization": "194400000", "incomeBeforeTax": "330900000", "incomeTaxExpense": "82700000", "interestAndDebtExpense": "None", "netIncomeFromContinuingOperations": "250400000", "comprehensiveIncomeNetOfTax": "None", "ebit": "363700000", "ebitda": "558100000", "netIncome": "248400000"}, {"fiscalDateEnding": "2014-03-31", "reportedCurrency": "USD", "grossProfit": "411600000", "totalRevenue": "1986200000", "costOfRevenue": "1574600000", "costofGoodsAndServicesSold": "1574600000", "operatingIncome": "266600000", "sellingGeneralAndAdministrative": "120000000", "researchAndDevelopment": "0", "operatingExpenses": "145000000", "investmentIncomeNet": "None", "netInterestIncome": "None", "interestIncome": "None", "interestExpense": "31100000", "nonInterestIncome": "None", "otherNonOperatingIncome": "35200000", "depreciation": "None", "depreciationAndAmortization": "174300000", "incomeBeforeTax": "215100000", "incomeTaxExpense": "-2600000", "interestAndDebtExpense": "None", "netIncomeFromContinuingOperations": "221000000", "comprehensiveIncomeNetOfTax": "None", "ebit": "249500000", "ebitda": "423800000", "netIncome": "217500000"}, {"fiscalDateEnding": "2013-12-31", "reportedCurrency": "USD", "grossProfit": "-273957000", "totalRevenue": "1330216000", "costOfRevenue": "1604173000", "costofGoodsAndServicesSold": "1604173000", "operatingIncome": "-446214000", "sellingGeneralAndAdministrative": "117400000", "researchAndDevelopment": "0", "operatingExpenses": "172257000", "investmentIncomeNet": "None", "netInterestIncome": "None", "interestIncome": "None", "interestExpense": "31000000", "nonInterestIncome": "None", "otherNonOperatingIncome": "None", "depreciation": "None", "depreciationAndAmortization": "183686000", "incomeBeforeTax": "-340357000", "incomeTaxExpense": "8200000", "interestAndDebtExpense": "None", "netIncomeFromContinuingOperations": "0", "comprehensiveIncomeNetOfTax": "None", "ebit": "-364500000", "ebitda": "-180814000", "netIncome": "-351143000"}, {"fiscalDateEnding": "2013-09-30", "reportedCurrency": "USD", "grossProfit": "386900000", "totalRevenue": "1908700000", "costOfRevenue": "1521800000", "costofGoodsAndServicesSold": "1521800000", "operatingIncome": "144100000", "sellingGeneralAndAdministrative": "94400000", "researchAndDevelopment": "0", "operatingExpenses": "242800000", "investmentIncomeNet": "None", "netInterestIncome": "None", "interestIncome": "None", "interestExpense": "1700000", "nonInterestIncome": "None", "otherNonOperatingIncome": "-26700000", "depreciation": "None", "depreciationAndAmortization": "166100000", "incomeBeforeTax": "119200000", "incomeTaxExpense": "-6600000", "interestAndDebtExpense": "None", "netIncomeFromContinuingOperations": "123300000", "comprehensiveIncomeNetOfTax": "None", "ebit": "118400000", "ebitda": "284500000", "netIncome": "124400000"}, {"fiscalDateEnding": "2013-06-30", "reportedCurrency": "USD", "grossProfit": "768600000", "totalRevenue": "2692200000", "costOfRevenue": "1923600000", "costofGoodsAndServicesSold": "1923600000", "operatingIncome": "620700000", "sellingGeneralAndAdministrative": "122400000", "researchAndDevelopment": "0", "operatingExpenses": "147900000", "investmentIncomeNet": "None", "netInterestIncome": "None", "interestIncome": "None", "interestExpense": "4300000", "nonInterestIncome": "None", "otherNonOperatingIncome": "None", "depreciation": "None", "depreciationAndAmortization": "167800000", "incomeBeforeTax": "632300000", "incomeTaxExpense": "146900000", "interestAndDebtExpense": "None", "netIncomeFromContinuingOperations": "0", "comprehensiveIncomeNetOfTax": "None", "ebit": "625600000", "ebitda": "793400000", "netIncome": "485900000"}, {"fiscalDateEnding": "2013-03-31", "reportedCurrency": "USD", "grossProfit": "568400000", "totalRevenue": "2240600000", "costOfRevenue": "1672200000", "costofGoodsAndServicesSold": "1672200000", "operatingIncome": "419100000", "sellingGeneralAndAdministrative": "90400000", "researchAndDevelopment": "0", "operatingExpenses": "149300000", "investmentIncomeNet": "None", "netInterestIncome": "None", "interestIncome": "None", "interestExpense": "0", "nonInterestIncome": "None", "otherNonOperatingIncome": "None", "depreciation": "None", "depreciationAndAmortization": "None", "incomeBeforeTax": "454600000", "incomeTaxExpense": "108900000", "interestAndDebtExpense": "None", "netIncomeFromContinuingOperations": "0", "comprehensiveIncomeNetOfTax": "None", "ebit": "625600000", "ebitda": "574500000", "netIncome": "344600000"}, {"fiscalDateEnding": "2012-12-31", "reportedCurrency": "USD", "grossProfit": "568400000", "totalRevenue": "2240600000", "costOfRevenue": "1672200000", "costofGoodsAndServicesSold": "1672200000", "operatingIncome": "419100000", "sellingGeneralAndAdministrative": "90400000", "researchAndDevelopment": "0", "operatingExpenses": "149300000", "investmentIncomeNet": "None", "netInterestIncome": "None", "interestIncome": "None", "interestExpense": "52400000", "nonInterestIncome": "None", "otherNonOperatingIncome": "31600000", "depreciation": "None", "depreciationAndAmortization": "152200000", "incomeBeforeTax": "454300000", "incomeTaxExpense": "108900000", "interestAndDebtExpense": "None", "netIncomeFromContinuingOperations": "345700000", "comprehensiveIncomeNetOfTax": "None", "ebit": "454600000", "ebitda": "606800000", "netIncome": "344600000"}, {"fiscalDateEnding": "2012-09-30", "reportedCurrency": "USD", "grossProfit": "747300000", "totalRevenue": "2505100000", "costOfRevenue": "1757800000", "costofGoodsAndServicesSold": "1757800000", "operatingIncome": "610200000", "sellingGeneralAndAdministrative": "111700000", "researchAndDevelopment": "0", "operatingExpenses": "137100000", "investmentIncomeNet": "None", "netInterestIncome": "None", "interestIncome": "None", "interestExpense": "23400000", "nonInterestIncome": "None", "otherNonOperatingIncome": "-11800000", "depreciation": "None", "depreciationAndAmortization": "137400000", "incomeBeforeTax": "594000000", "incomeTaxExpense": "163300000", "interestAndDebtExpense": "None", "netIncomeFromContinuingOperations": "625600000", "comprehensiveIncomeNetOfTax": "None", "ebit": "586800000", "ebitda": "724200000", "netIncome": "429400000"}, {"fiscalDateEnding": "2012-06-30", "reportedCurrency": "USD", "grossProfit": "833800000", "totalRevenue": "2820500000", "costOfRevenue": "1986700000", "costofGoodsAndServicesSold": "1986700000", "operatingIncome": "670800000", "sellingGeneralAndAdministrative": "117100000", "researchAndDevelopment": "0", "operatingExpenses": "163000000", "investmentIncomeNet": "None", "netInterestIncome": "None", "interestIncome": "None", "interestExpense": "1400000", "nonInterestIncome": "None", "otherNonOperatingIncome": "-22100000", "depreciation": "None", "depreciationAndAmortization": "139700000", "incomeBeforeTax": "695500000", "incomeTaxExpense": "188600000", "interestAndDebtExpense": "None", "netIncomeFromContinuingOperations": "423500000", "comprehensiveIncomeNetOfTax": "None", "ebit": "690500000", "ebitda": "830200000", "netIncome": "507300000"}, {"fiscalDateEnding": "2012-03-31", "reportedCurrency": "USD", "grossProfit": "521800000", "totalRevenue": "2189500000", "costOfRevenue": "1667700000", "costofGoodsAndServicesSold": "1667700000", "operatingIncome": "413700000", "sellingGeneralAndAdministrative": "91300000", "researchAndDevelopment": "0", "operatingExpenses": "108100000", "investmentIncomeNet": "None", "netInterestIncome": "None", "interestIncome": "None", "interestExpense": "1400000", "nonInterestIncome": "None", "otherNonOperatingIncome": "19300000", "depreciation": "None", "depreciationAndAmortization": "None", "incomeBeforeTax": "354700000", "incomeTaxExpense": "87000000", "interestAndDebtExpense": "None", "netIncomeFromContinuingOperations": "500500000", "comprehensiveIncomeNetOfTax": "None", "ebit": "689100000", "ebitda": "545700000", "netIncome": "273300000"}, {"fiscalDateEnding": "2011-12-31", "reportedCurrency": "USD", "grossProfit": "521800000", "totalRevenue": "2189500000", "costOfRevenue": "1667700000", "costofGoodsAndServicesSold": "1667700000", "operatingIncome": "413700000", "sellingGeneralAndAdministrative": "91300000", "researchAndDevelopment": "0", "operatingExpenses": "108100000", "investmentIncomeNet": "None", "netInterestIncome": "None", "interestIncome": "None", "interestExpense": "4100000", "nonInterestIncome": "None", "otherNonOperatingIncome": "-58900000", "depreciation": "None", "depreciationAndAmortization": "127900000", "incomeBeforeTax": "358900000", "incomeTaxExpense": "87000000", "interestAndDebtExpense": "None", "netIncomeFromContinuingOperations": "267700000", "comprehensiveIncomeNetOfTax": "None", "ebit": "354700000", "ebitda": "482600000", "netIncome": "273300000"}, {"fiscalDateEnding": "2011-09-30", "reportedCurrency": "USD", "grossProfit": "848200000", "totalRevenue": "3083300000", "costOfRevenue": "2235100000", "costofGoodsAndServicesSold": "2235100000", "operatingIncome": "729600000", "sellingGeneralAndAdministrative": "101100000", "researchAndDevelopment": "0", "operatingExpenses": "118600000", "investmentIncomeNet": "None", "netInterestIncome": "None", "interestIncome": "None", "interestExpense": "4100000", "nonInterestIncome": "None", "otherNonOperatingIncome": "55200000", "depreciation": "None", "depreciationAndAmortization": "None", "incomeBeforeTax": "729700000", "incomeTaxExpense": "205100000", "interestAndDebtExpense": "None", "netIncomeFromContinuingOperations": "624700000", "comprehensiveIncomeNetOfTax": "None", "ebit": "855400000", "ebitda": "855000000", "netIncome": "526000000"}, {"fiscalDateEnding": "2011-06-30", "reportedCurrency": "USD", "grossProfit": "848200000", "totalRevenue": "3083300000", "costOfRevenue": "2235100000", "costofGoodsAndServicesSold": "2235100000", "operatingIncome": "729600000", "sellingGeneralAndAdministrative": "101100000", "researchAndDevelopment": "0", "operatingExpenses": "118600000", "investmentIncomeNet": "None", "netInterestIncome": "None", "interestIncome": "None", "interestExpense": "3600000", "nonInterestIncome": "None", "otherNonOperatingIncome": "-3200000", "depreciation": "None", "depreciationAndAmortization": "120300000", "incomeBeforeTax": "731500000", "incomeTaxExpense": "205100000", "interestAndDebtExpense": "None", "netIncomeFromContinuingOperations": "524600000", "comprehensiveIncomeNetOfTax": "None", "ebit": "729700000", "ebitda": "850000000", "netIncome": "526000000"}, {"fiscalDateEnding": "2011-03-31", "reportedCurrency": "USD", "grossProfit": "853600000", "totalRevenue": "2214300000", "costOfRevenue": "1360700000", "costofGoodsAndServicesSold": "1360700000", "operatingIncome": "770800000", "sellingGeneralAndAdministrative": "83600000", "researchAndDevelopment": "0", "operatingExpenses": "82800000", "investmentIncomeNet": "None", "netInterestIncome": "None", "interestIncome": "None", "interestExpense": "4800000", "nonInterestIncome": "None", "otherNonOperatingIncome": "-1400000", "depreciation": "None", "depreciationAndAmortization": "None", "incomeBeforeTax": "722800000", "incomeTaxExpense": "175900000", "interestAndDebtExpense": "None", "netIncomeFromContinuingOperations": "650800000", "comprehensiveIncomeNetOfTax": "None", "ebit": "836800000", "ebitda": "889500000", "netIncome": "542100000"}, {"fiscalDateEnding": "2010-12-31", "reportedCurrency": "USD", "grossProfit": "853600000", "totalRevenue": "2214300000", "costOfRevenue": "1360700000", "costofGoodsAndServicesSold": "1360700000", "operatingIncome": "770800000", "sellingGeneralAndAdministrative": "83600000", "researchAndDevelopment": "0", "operatingExpenses": "82800000", "investmentIncomeNet": "None", "netInterestIncome": "None", "interestIncome": "None", "interestExpense": "4800000", "nonInterestIncome": "None", "otherNonOperatingIncome": "-52100000", "depreciation": "None", "depreciationAndAmortization": "114100000", "incomeBeforeTax": "718500000", "incomeTaxExpense": "175900000", "interestAndDebtExpense": "None", "netIncomeFromContinuingOperations": "546900000", "comprehensiveIncomeNetOfTax": "None", "ebit": "727600000", "ebitda": "841700000", "netIncome": "542100000"}, {"fiscalDateEnding": "2010-09-30", "reportedCurrency": "USD", "grossProfit": "504700000", "totalRevenue": "2188300000", "costOfRevenue": "1683600000", "costofGoodsAndServicesSold": "1683600000", "operatingIncome": "410300000", "sellingGeneralAndAdministrative": "88100000", "researchAndDevelopment": "0", "operatingExpenses": "94400000", "investmentIncomeNet": "None", "netInterestIncome": "None", "interestIncome": "None", "interestExpense": "12400000", "nonInterestIncome": "None", "otherNonOperatingIncome": "-30100000", "depreciation": "None", "depreciationAndAmortization": "104700000", "incomeBeforeTax": "408500000", "incomeTaxExpense": "109600000", "interestAndDebtExpense": "None", "netIncomeFromContinuingOperations": "1025700000", "comprehensiveIncomeNetOfTax": "None", "ebit": "417100000", "ebitda": "521800000", "netIncome": "297700000"}, {"fiscalDateEnding": "2010-06-30", "reportedCurrency": "USD", "grossProfit": "687600000", "totalRevenue": "1860300000", "costOfRevenue": "1172700000", "costofGoodsAndServicesSold": "1172700000", "operatingIncome": "547600000", "sellingGeneralAndAdministrative": "113700000", "researchAndDevelopment": "0", "operatingExpenses": "140000000", "investmentIncomeNet": "None", "netInterestIncome": "None", "interestIncome": "None", "interestExpense": "16600000", "nonInterestIncome": "None", "otherNonOperatingIncome": "5200000", "depreciation": "None", "depreciationAndAmortization": "112400000", "incomeBeforeTax": "535300000", "incomeTaxExpense": "138800000", "interestAndDebtExpense": "None", "netIncomeFromContinuingOperations": "295100000", "comprehensiveIncomeNetOfTax": "None", "ebit": "753500000", "ebitda": "865900000", "netIncome": "396100000"}, {"fiscalDateEnding": "2010-03-31", "reportedCurrency": "USD", "grossProfit": "476500000", "totalRevenue": "1731900000", "costOfRevenue": "1255400000", "costofGoodsAndServicesSold": "1255400000", "operatingIncome": "388900000", "sellingGeneralAndAdministrative": "82300000", "researchAndDevelopment": "0", "operatingExpenses": "87600000", "investmentIncomeNet": "None", "netInterestIncome": "None", "interestIncome": "None", "interestExpense": "14300000", "nonInterestIncome": "None", "otherNonOperatingIncome": "None", "depreciation": "None", "depreciationAndAmortization": "101600000", "incomeBeforeTax": "348800000", "incomeTaxExpense": "125300000", "interestAndDebtExpense": "None", "netIncomeFromContinuingOperations": "0", "comprehensiveIncomeNetOfTax": "None", "ebit": "371600000", "ebitda": "473200000", "netIncome": "222600000"}, {"fiscalDateEnding": "2009-12-31", "reportedCurrency": "USD", "grossProfit": "307000000", "totalRevenue": "1709700000", "costOfRevenue": "1402700000", "costofGoodsAndServicesSold": "1402700000", "operatingIncome": "200100000", "sellingGeneralAndAdministrative": "82900000", "researchAndDevelopment": "0", "operatingExpenses": "106900000", "investmentIncomeNet": "None", "netInterestIncome": "None", "interestIncome": "None", "interestExpense": "16000000", "nonInterestIncome": "None", "otherNonOperatingIncome": "None", "depreciation": "None", "depreciationAndAmortization": "138900000", "incomeBeforeTax": "159400000", "incomeTaxExpense": "50400000", "interestAndDebtExpense": "None", "netIncomeFromContinuingOperations": "0", "comprehensiveIncomeNetOfTax": "None", "ebit": "187200000", "ebitda": "326100000", "netIncome": "107800000"}, {"fiscalDateEnding": "2009-09-30", "reportedCurrency": "USD", "grossProfit": "222200000", "totalRevenue": "1457200000", "costOfRevenue": "1235000000", "costofGoodsAndServicesSold": "1235000000", "operatingIncome": "134200000", "sellingGeneralAndAdministrative": "81400000", "researchAndDevelopment": "0", "operatingExpenses": "88000000", "investmentIncomeNet": "None", "netInterestIncome": "None", "interestIncome": "None", "interestExpense": "18800000", "nonInterestIncome": "None", "otherNonOperatingIncome": "None", "depreciation": "None", "depreciationAndAmortization": "92100000", "incomeBeforeTax": "135300000", "incomeTaxExpense": "32800000", "interestAndDebtExpense": "None", "netIncomeFromContinuingOperations": "0", "comprehensiveIncomeNetOfTax": "None", "ebit": "151600000", "ebitda": "243700000", "netIncome": "100600000"}, {"fiscalDateEnding": "2009-06-30", "reportedCurrency": "USD", "grossProfit": "204100000", "totalRevenue": "1593500000", "costOfRevenue": "1389400000", "costofGoodsAndServicesSold": "1389400000", "operatingIncome": "126300000", "sellingGeneralAndAdministrative": "83300000", "researchAndDevelopment": "0", "operatingExpenses": "77800000", "investmentIncomeNet": "None", "netInterestIncome": "None", "interestIncome": "None", "interestExpense": "1574500000", "nonInterestIncome": "None", "otherNonOperatingIncome": "None", "depreciation": "None", "depreciationAndAmortization": "88800000", "incomeBeforeTax": "-177100000", "incomeTaxExpense": "-330300000", "interestAndDebtExpense": "None", "netIncomeFromContinuingOperations": "0", "comprehensiveIncomeNetOfTax": "None", "ebit": "720700000", "ebitda": "809500000", "netIncome": "146900000"}, {"fiscalDateEnding": "2009-03-31", "reportedCurrency": "USD", "grossProfit": "140300000", "totalRevenue": "1375500000", "costOfRevenue": "1235200000", "costofGoodsAndServicesSold": "1235200000", "operatingIncome": "43700000", "sellingGeneralAndAdministrative": "71300000", "researchAndDevelopment": "0", "operatingExpenses": "96600000", "investmentIncomeNet": "None", "netInterestIncome": "None", "interestIncome": "None", "interestExpense": "19600000", "nonInterestIncome": "None", "otherNonOperatingIncome": "None", "depreciation": "None", "depreciationAndAmortization": "90400000", "incomeBeforeTax": "88800000", "incomeTaxExpense": "30700000", "interestAndDebtExpense": "None", "netIncomeFromContinuingOperations": "0", "comprehensiveIncomeNetOfTax": "None", "ebit": "71700000", "ebitda": "162100000", "netIncome": "58800000"}, {"fiscalDateEnding": "2008-12-31", "reportedCurrency": "USD", "grossProfit": "773700000", "totalRevenue": "3006500000", "costOfRevenue": "2232800000", "costofGoodsAndServicesSold": "2232800000", "operatingIncome": "682000000", "sellingGeneralAndAdministrative": "91700000", "researchAndDevelopment": "0", "operatingExpenses": "91700000", "investmentIncomeNet": "None", "netInterestIncome": "None", "interestIncome": "None", "interestExpense": "23700000", "nonInterestIncome": "None", "otherNonOperatingIncome": "None", "depreciation": "None", "depreciationAndAmortization": "89400000", "incomeBeforeTax": "1412500000", "incomeTaxExpense": "451200000", "interestAndDebtExpense": "None", "netIncomeFromContinuingOperations": "0", "comprehensiveIncomeNetOfTax": "None", "ebit": "956300000", "ebitda": "1045700000", "netIncome": "959800000"}, {"fiscalDateEnding": "2008-09-30", "reportedCurrency": "USD", "grossProfit": "1648600000", "totalRevenue": "4322500000", "costOfRevenue": "2673900000", "costofGoodsAndServicesSold": "2673900000", "operatingIncome": "1548900000", "sellingGeneralAndAdministrative": "99700000", "researchAndDevelopment": "0", "operatingExpenses": "99700000", "investmentIncomeNet": "None", "netInterestIncome": "None", "interestIncome": "None", "interestExpense": "25100000", "nonInterestIncome": "None", "otherNonOperatingIncome": "None", "depreciation": "None", "depreciationAndAmortization": "87700000", "incomeBeforeTax": "1686300000", "incomeTaxExpense": "497700000", "interestAndDebtExpense": "None", "netIncomeFromContinuingOperations": "0", "comprehensiveIncomeNetOfTax": "None", "ebit": "1153900000", "ebitda": "1241600000", "netIncome": "1184700000"}, {"fiscalDateEnding": "2008-06-30", "reportedCurrency": "USD", "grossProfit": "1287700000", "totalRevenue": "3466700000", "costOfRevenue": "2179000000", "costofGoodsAndServicesSold": "2179000000", "operatingIncome": "1180100000", "sellingGeneralAndAdministrative": "107900000", "researchAndDevelopment": "0", "operatingExpenses": "107600000", "investmentIncomeNet": "None", "netInterestIncome": "None", "interestIncome": "None", "interestExpense": "36400000", "nonInterestIncome": "None", "otherNonOperatingIncome": "None", "depreciation": "None", "depreciationAndAmortization": "-300000", "incomeBeforeTax": "1216500000", "incomeTaxExpense": "354000000", "interestAndDebtExpense": "None", "netIncomeFromContinuingOperations": "0", "comprehensiveIncomeNetOfTax": "None", "ebit": "1180100000", "ebitda": "1188900000", "netIncome": "862500000"}, {"fiscalDateEnding": "2008-03-31", "reportedCurrency": "USD", "grossProfit": "727900000", "totalRevenue": "2147200000", "costOfRevenue": "1419300000", "costofGoodsAndServicesSold": "1419300000", "operatingIncome": "647400000", "sellingGeneralAndAdministrative": "81200000", "researchAndDevelopment": "0", "operatingExpenses": "80500000", "investmentIncomeNet": "None", "netInterestIncome": "None", "interestIncome": "None", "interestExpense": "32600000", "nonInterestIncome": "None", "otherNonOperatingIncome": "None", "depreciation": "None", "depreciationAndAmortization": "-29500000", "incomeBeforeTax": "680000000", "incomeTaxExpense": "159200000", "interestAndDebtExpense": "None", "netIncomeFromContinuingOperations": "0", "comprehensiveIncomeNetOfTax": "None", "ebit": "676100000", "ebitda": "646600000", "netIncome": "520800000"}, {"fiscalDateEnding": "2007-12-31", "reportedCurrency": "USD", "grossProfit": "623100000", "totalRevenue": "2195400000", "costOfRevenue": "1572300000", "costofGoodsAndServicesSold": "1572300000", "operatingIncome": "529600000", "sellingGeneralAndAdministrative": "83200000", "researchAndDevelopment": "0", "operatingExpenses": "93500000", "investmentIncomeNet": "None", "netInterestIncome": "None", "interestIncome": "None", "interestExpense": "34700000", "nonInterestIncome": "None", "otherNonOperatingIncome": "None", "depreciation": "None", "depreciationAndAmortization": "71800000", "incomeBeforeTax": "494900000", "incomeTaxExpense": "100900000", "interestAndDebtExpense": "None", "netIncomeFromContinuingOperations": "0", "comprehensiveIncomeNetOfTax": "None", "ebit": "468100000", "ebitda": "539900000", "netIncome": "394000000"}, {"fiscalDateEnding": "2007-09-30", "reportedCurrency": "USD", "grossProfit": "521800000", "totalRevenue": "2003300000", "costOfRevenue": "1481500000", "costofGoodsAndServicesSold": "1481500000", "operatingIncome": "449600000", "sellingGeneralAndAdministrative": "72200000", "researchAndDevelopment": "0", "operatingExpenses": "72200000", "investmentIncomeNet": "None", "netInterestIncome": "None", "interestIncome": "None", "interestExpense": "43300000", "nonInterestIncome": "None", "otherNonOperatingIncome": "None", "depreciation": "None", "depreciationAndAmortization": "19400000", "incomeBeforeTax": "406300000", "incomeTaxExpense": "100800000", "interestAndDebtExpense": "None", "netIncomeFromContinuingOperations": "0", "comprehensiveIncomeNetOfTax": "None", "ebit": "430200000", "ebitda": "449600000", "netIncome": "305500000"}, {"fiscalDateEnding": "2007-06-30", "reportedCurrency": "USD", "grossProfit": "456200000", "totalRevenue": "1684400000", "costOfRevenue": "1228200000", "costofGoodsAndServicesSold": "1228200000", "operatingIncome": "359800000", "sellingGeneralAndAdministrative": "95900000", "researchAndDevelopment": "0", "operatingExpenses": "96400000", "investmentIncomeNet": "None", "netInterestIncome": "None", "interestIncome": "None", "interestExpense": "71900000", "nonInterestIncome": "None", "otherNonOperatingIncome": "None", "depreciation": "None", "depreciationAndAmortization": "71200000", "incomeBeforeTax": "287900000", "incomeTaxExpense": "85300000", "interestAndDebtExpense": "None", "netIncomeFromContinuingOperations": "0", "comprehensiveIncomeNetOfTax": "None", "ebit": "359800000", "ebitda": "358100000", "netIncome": "202600000"}, {"fiscalDateEnding": "2007-03-31", "reportedCurrency": "USD", "grossProfit": "113100000", "totalRevenue": "1278700000", "costOfRevenue": "1165600000", "costofGoodsAndServicesSold": "1165600000", "operatingIncome": "34200000", "sellingGeneralAndAdministrative": "77800000", "researchAndDevelopment": "0", "operatingExpenses": "78900000", "investmentIncomeNet": "None", "netInterestIncome": "None", "interestIncome": "None", "interestExpense": "14600000", "nonInterestIncome": "None", "otherNonOperatingIncome": "None", "depreciation": "None", "depreciationAndAmortization": "-58000000", "incomeBeforeTax": "48800000", "incomeTaxExpense": "6600000", "interestAndDebtExpense": "None", "netIncomeFromContinuingOperations": "0", "comprehensiveIncomeNetOfTax": "None", "ebit": "34200000", "ebitda": "34200000", "netIncome": "42200000"}, {"fiscalDateEnding": "2006-12-31", "reportedCurrency": "USD", "grossProfit": "160500000", "totalRevenue": "1522000000", "costOfRevenue": "1361500000", "costofGoodsAndServicesSold": "1361500000", "operatingIncome": "90700000", "sellingGeneralAndAdministrative": "70400000", "researchAndDevelopment": "0", "operatingExpenses": "69800000", "investmentIncomeNet": "None", "netInterestIncome": "None", "interestIncome": "None", "interestExpense": "700000", "nonInterestIncome": "None", "otherNonOperatingIncome": "None", "depreciation": "None", "depreciationAndAmortization": "-27100000", "incomeBeforeTax": "90000000", "incomeTaxExpense": "24100000", "interestAndDebtExpense": "None", "netIncomeFromContinuingOperations": "0", "comprehensiveIncomeNetOfTax": "None", "ebit": "90700000", "ebitda": "90700000", "netIncome": "65900000"}, {"fiscalDateEnding": "2006-09-30", "reportedCurrency": "USD", "grossProfit": "196300000", "totalRevenue": "1288600000", "costOfRevenue": "1092300000", "costofGoodsAndServicesSold": "1092300000", "operatingIncome": "131600000", "sellingGeneralAndAdministrative": "65700000", "researchAndDevelopment": "0", "operatingExpenses": "64700000", "investmentIncomeNet": "None", "netInterestIncome": "None", "interestIncome": "None", "interestExpense": "15200000", "nonInterestIncome": "None", "otherNonOperatingIncome": "None", "depreciation": "None", "depreciationAndAmortization": "-27200000", "incomeBeforeTax": "116400000", "incomeTaxExpense": "7400000", "interestAndDebtExpense": "None", "netIncomeFromContinuingOperations": "0", "comprehensiveIncomeNetOfTax": "None", "ebit": "131600000", "ebitda": "131200000", "netIncome": "109000000"}, {"fiscalDateEnding": "2006-06-30", "reportedCurrency": "USD", "grossProfit": "166200000", "totalRevenue": "1331500000", "costOfRevenue": "1165300000", "costofGoodsAndServicesSold": "1165300000", "operatingIncome": "-182500000", "sellingGeneralAndAdministrative": "54600000", "researchAndDevelopment": "0", "operatingExpenses": "348700000", "investmentIncomeNet": "None", "netInterestIncome": "None", "interestIncome": "None", "interestExpense": "59600000", "nonInterestIncome": "None", "otherNonOperatingIncome": "None", "depreciation": "None", "depreciationAndAmortization": "619600000", "incomeBeforeTax": "-242100000", "incomeTaxExpense": "-61200000", "interestAndDebtExpense": "None", "netIncomeFromContinuingOperations": "0", "comprehensiveIncomeNetOfTax": "None", "ebit": "-182500000", "ebitda": "105100000", "netIncome": "-180900000"}, {"fiscalDateEnding": "2006-03-31", "reportedCurrency": "USD", "grossProfit": "14000000", "totalRevenue": "1073200000", "costOfRevenue": "1059200000", "costofGoodsAndServicesSold": "1059200000", "operatingIncome": "-44400000", "sellingGeneralAndAdministrative": "61800000", "researchAndDevelopment": "0", "operatingExpenses": "58400000", "investmentIncomeNet": "None", "netInterestIncome": "None", "interestIncome": "None", "interestExpense": "54400000", "nonInterestIncome": "None", "otherNonOperatingIncome": "None", "depreciation": "None", "depreciationAndAmortization": "8700000", "incomeBeforeTax": "-98800000", "incomeTaxExpense": "-27200000", "interestAndDebtExpense": "None", "netIncomeFromContinuingOperations": "0", "comprehensiveIncomeNetOfTax": "None", "ebit": "-44400000", "ebitda": "-44400000", "netIncome": "-71600000"}, {"fiscalDateEnding": "2005-12-31", "reportedCurrency": "USD", "grossProfit": "209200000", "totalRevenue": "1493300000", "costOfRevenue": "1284100000", "costofGoodsAndServicesSold": "1284100000", "operatingIncome": "139300000", "sellingGeneralAndAdministrative": "66900000", "researchAndDevelopment": "0", "operatingExpenses": "69100000", "investmentIncomeNet": "None", "netInterestIncome": "None", "interestIncome": "None", "interestExpense": "43600000", "nonInterestIncome": "None", "otherNonOperatingIncome": "None", "depreciation": "None", "depreciationAndAmortization": "71600000", "incomeBeforeTax": "97300000", "incomeTaxExpense": "42300000", "interestAndDebtExpense": "None", "netIncomeFromContinuingOperations": "0", "comprehensiveIncomeNetOfTax": "None", "ebit": "67700000", "ebitda": "139300000", "netIncome": "55000000"}, {"fiscalDateEnding": "2005-09-30", "reportedCurrency": "USD", "grossProfit": "248800000", "totalRevenue": "1403600000", "costOfRevenue": "1154800000", "costofGoodsAndServicesSold": "1154800000", "operatingIncome": "192000000", "sellingGeneralAndAdministrative": "57000000", "researchAndDevelopment": "0", "operatingExpenses": "56800000", "investmentIncomeNet": "None", "netInterestIncome": "None", "interestIncome": "None", "interestExpense": "89500000", "nonInterestIncome": "None", "otherNonOperatingIncome": "None", "depreciation": "None", "depreciationAndAmortization": "60500000", "incomeBeforeTax": "127600000", "incomeTaxExpense": "51500000", "interestAndDebtExpense": "None", "netIncomeFromContinuingOperations": "0", "comprehensiveIncomeNetOfTax": "None", "ebit": "192000000", "ebitda": "252500000", "netIncome": "76100000"}]}