{"symbol": "ERIE", "annualReports": [{"fiscalDateEnding": "2024-12-31", "reportedCurrency": "USD", "grossProfit": "676455000", "totalRevenue": "3795115000", "costOfRevenue": "3118660000", "costofGoodsAndServicesSold": "3118660000", "operatingIncome": "676455000", "sellingGeneralAndAdministrative": "806336000", "researchAndDevelopment": "None", "operatingExpenses": "3105125000", "investmentIncomeNet": "None", "netInterestIncome": "0", "interestIncome": "None", "interestExpense": "0", "nonInterestIncome": "None", "otherNonOperatingIncome": "None", "depreciation": "None", "depreciationAndAmortization": "56530000", "incomeBeforeTax": "757279000", "incomeTaxExpense": "156965000", "interestAndDebtExpense": "None", "netIncomeFromContinuingOperations": "600314000", "comprehensiveIncomeNetOfTax": "None", "ebit": "709808000", "ebitda": "766338000", "netIncome": "600314000"}, {"fiscalDateEnding": "2023-12-31", "reportedCurrency": "USD", "grossProfit": "520256000", "totalRevenue": "3268940000", "costOfRevenue": "2748684000", "costofGoodsAndServicesSold": "2748684000", "operatingIncome": "520256000", "sellingGeneralAndAdministrative": "737139000", "researchAndDevelopment": "0.17", "operatingExpenses": "2747280000", "investmentIncomeNet": "None", "netInterestIncome": "0", "interestIncome": "None", "interestExpense": "0", "nonInterestIncome": "None", "otherNonOperatingIncome": "None", "depreciation": "None", "depreciationAndAmortization": "47415000", "incomeBeforeTax": "561936000", "incomeTaxExpense": "115875000", "interestAndDebtExpense": "None", "netIncomeFromContinuingOperations": "400623000", "comprehensiveIncomeNetOfTax": "None", "ebit": "552817000", "ebitda": "600232000", "netIncome": "446061000"}, {"fiscalDateEnding": "2022-12-31", "reportedCurrency": "USD", "grossProfit": "376214000", "totalRevenue": "2840124000", "costOfRevenue": "2463910000", "costofGoodsAndServicesSold": "2463910000", "operatingIncome": "376214000", "sellingGeneralAndAdministrative": "668268000", "researchAndDevelopment": "0.13", "operatingExpenses": "2474750000", "investmentIncomeNet": "None", "netInterestIncome": "-2009000", "interestIncome": "None", "interestExpense": "2009000", "nonInterestIncome": "None", "otherNonOperatingIncome": "1615000", "depreciation": "None", "depreciationAndAmortization": "46166000", "incomeBeforeTax": "376452000", "incomeTaxExpense": "77883000", "interestAndDebtExpense": "None", "netIncomeFromContinuingOperations": "298569000", "comprehensiveIncomeNetOfTax": "None", "ebit": "382244000", "ebitda": "428410000", "netIncome": "298569000"}, {"fiscalDateEnding": "2021-12-31", "reportedCurrency": "USD", "grossProfit": "2701309000", "totalRevenue": "2701309000", "costOfRevenue": "2609935000", "costofGoodsAndServicesSold": "2609935000", "operatingIncome": "-286121000", "sellingGeneralAndAdministrative": "58286000", "researchAndDevelopment": "0.14", "operatingExpenses": "-2987430000", "investmentIncomeNet": "None", "netInterestIncome": "-4132000", "interestIncome": "None", "interestExpense": "4132000", "nonInterestIncome": "None", "otherNonOperatingIncome": "62439000", "depreciation": "None", "depreciationAndAmortization": "49097000", "incomeBeforeTax": "376404000", "incomeTaxExpense": "78544000", "interestAndDebtExpense": "None", "netIncomeFromContinuingOperations": "297860000", "comprehensiveIncomeNetOfTax": "None", "ebit": "-286121000", "ebitda": "-286121000", "netIncome": "297860000"}, {"fiscalDateEnding": "2020-12-31", "reportedCurrency": "USD", "grossProfit": "2569356000", "totalRevenue": "2569356000", "costOfRevenue": "2198332000", "costofGoodsAndServicesSold": "2198332000", "operatingIncome": "-266717000", "sellingGeneralAndAdministrative": "609435000", "researchAndDevelopment": "0.15", "operatingExpenses": "-2836073000", "investmentIncomeNet": "None", "netInterestIncome": "-731000", "interestIncome": "None", "interestExpense": "731000", "nonInterestIncome": "None", "otherNonOperatingIncome": "31089000", "depreciation": "None", "depreciationAndAmortization": "34303000", "incomeBeforeTax": "368515000", "incomeTaxExpense": "75211000", "interestAndDebtExpense": "None", "netIncomeFromContinuingOperations": "293304000", "comprehensiveIncomeNetOfTax": "None", "ebit": "-266717000", "ebitda": "-266717000", "netIncome": "293304000"}, {"fiscalDateEnding": "2019-12-31", "reportedCurrency": "USD", "grossProfit": "2516605000", "totalRevenue": "2516605000", "costOfRevenue": "2119959000", "costofGoodsAndServicesSold": "2119959000", "operatingIncome": "-212932000", "sellingGeneralAndAdministrative": "None", "researchAndDevelopment": "None", "operatingExpenses": "-2729537000", "investmentIncomeNet": "None", "netInterestIncome": "-856000", "interestIncome": "39306000", "interestExpense": "856000", "nonInterestIncome": "None", "otherNonOperatingIncome": "40222000", "depreciation": "None", "depreciationAndAmortization": "30772000", "incomeBeforeTax": "396705000", "incomeTaxExpense": "79884000", "interestAndDebtExpense": "None", "netIncomeFromContinuingOperations": "316821000", "comprehensiveIncomeNetOfTax": "None", "ebit": "-212932000", "ebitda": "-212932000", "netIncome": "316821000"}, {"fiscalDateEnding": "2018-12-31", "reportedCurrency": "USD", "grossProfit": "2408830000", "totalRevenue": "2408830000", "costOfRevenue": "2037869000", "costofGoodsAndServicesSold": "2037869000", "operatingIncome": "373780000", "sellingGeneralAndAdministrative": "1716000", "researchAndDevelopment": "0", "operatingExpenses": "-2035050000", "investmentIncomeNet": "None", "netInterestIncome": "-2460000", "interestIncome": "24917000", "interestExpense": "2460000", "nonInterestIncome": "None", "otherNonOperatingIncome": "29437000", "depreciation": "None", "depreciationAndAmortization": "13368000", "incomeBeforeTax": "371320000", "incomeTaxExpense": "83096000", "interestAndDebtExpense": "None", "netIncomeFromContinuingOperations": "288224000", "comprehensiveIncomeNetOfTax": "None", "ebit": "373780000", "ebitda": "373780000", "netIncome": "288224000"}, {"fiscalDateEnding": "2017-12-31", "reportedCurrency": "USD", "grossProfit": "1717534000", "totalRevenue": "1717534000", "costOfRevenue": "1401522000", "costofGoodsAndServicesSold": "1401522000", "operatingIncome": "316933000", "sellingGeneralAndAdministrative": "240181000", "researchAndDevelopment": "0", "operatingExpenses": "-1400601000", "investmentIncomeNet": "None", "netInterestIncome": "-1238000", "interestIncome": "27536000", "interestExpense": "1238000", "nonInterestIncome": "None", "otherNonOperatingIncome": "28561000", "depreciation": "None", "depreciationAndAmortization": "14831000", "incomeBeforeTax": "315695000", "incomeTaxExpense": "118696000", "interestAndDebtExpense": "None", "netIncomeFromContinuingOperations": "196999000", "comprehensiveIncomeNetOfTax": "None", "ebit": "316933000", "ebitda": "316933000", "netIncome": "196999000"}, {"fiscalDateEnding": "2016-12-31", "reportedCurrency": "USD", "grossProfit": "1617434000", "totalRevenue": "1617434000", "costOfRevenue": "1303114000", "costofGoodsAndServicesSold": "1303114000", "operatingIncome": "320192000", "sellingGeneralAndAdministrative": "213356000", "researchAndDevelopment": "0", "operatingExpenses": "-1297242000", "investmentIncomeNet": "None", "netInterestIncome": "-101000", "interestIncome": "28143000", "interestExpense": "101000", "nonInterestIncome": "None", "otherNonOperatingIncome": "27828000", "depreciation": "None", "depreciationAndAmortization": "15154000", "incomeBeforeTax": "320091000", "incomeTaxExpense": "109725000", "interestAndDebtExpense": "None", "netIncomeFromContinuingOperations": "210366000", "comprehensiveIncomeNetOfTax": "None", "ebit": "320192000", "ebitda": "320192000", "netIncome": "210366000"}, {"fiscalDateEnding": "2015-12-31", "reportedCurrency": "USD", "grossProfit": "1522233000", "totalRevenue": "1522233000", "costOfRevenue": "1074593000", "costofGoodsAndServicesSold": "1074593000", "operatingIncome": "266249000", "sellingGeneralAndAdministrative": "226713000", "researchAndDevelopment": "0", "operatingExpenses": "-1255984000", "investmentIncomeNet": "None", "netInterestIncome": "None", "interestIncome": "35266000", "interestExpense": "0", "nonInterestIncome": "None", "otherNonOperatingIncome": "33708000", "depreciation": "None", "depreciationAndAmortization": "16460999", "incomeBeforeTax": "266249000", "incomeTaxExpense": "91571000", "interestAndDebtExpense": "None", "netIncomeFromContinuingOperations": "174678000", "comprehensiveIncomeNetOfTax": "None", "ebit": "266249000", "ebitda": "266249000", "netIncome": "174678000"}, {"fiscalDateEnding": "2014-12-31", "reportedCurrency": "USD", "grossProfit": "6011000000", "totalRevenue": "6011000000", "costOfRevenue": "5271000000", "costofGoodsAndServicesSold": "5271000000", "operatingIncome": "425000000", "sellingGeneralAndAdministrative": "206690000", "researchAndDevelopment": "7000000", "operatingExpenses": "-5586000000", "investmentIncomeNet": "None", "netInterestIncome": "None", "interestIncome": "None", "interestExpense": "0", "nonInterestIncome": "None", "otherNonOperatingIncome": "None", "depreciation": "None", "depreciationAndAmortization": "16000000", "incomeBeforeTax": "830000000", "incomeTaxExpense": "257000000", "interestAndDebtExpense": "None", "netIncomeFromContinuingOperations": "573000000", "comprehensiveIncomeNetOfTax": "None", "ebit": "425000000", "ebitda": "425000000", "netIncome": "168000000"}, {"fiscalDateEnding": "2013-12-31", "reportedCurrency": "USD", "grossProfit": "1567000000", "totalRevenue": "6271000000", "costOfRevenue": "4704000000", "costofGoodsAndServicesSold": "4704000000", "operatingIncome": "1560000000", "sellingGeneralAndAdministrative": "207559000", "researchAndDevelopment": "7000000", "operatingExpenses": "7000000", "investmentIncomeNet": "None", "netInterestIncome": "None", "interestIncome": "None", "interestExpense": "0", "nonInterestIncome": "None", "otherNonOperatingIncome": "None", "depreciation": "None", "depreciationAndAmortization": "14000000", "incomeBeforeTax": "246614000", "incomeTaxExpense": "84003000", "interestAndDebtExpense": "None", "netIncomeFromContinuingOperations": "1048000000", "comprehensiveIncomeNetOfTax": "None", "ebit": "1567000000", "ebitda": "1581000000", "netIncome": "162611000"}, {"fiscalDateEnding": "2012-12-31", "reportedCurrency": "USD", "grossProfit": "5381000000", "totalRevenue": "5381000000", "costOfRevenue": "-3480000000", "costofGoodsAndServicesSold": "-3480000000", "operatingIncome": "440000000", "sellingGeneralAndAdministrative": "0", "researchAndDevelopment": "6000000", "operatingExpenses": "-4941000000", "investmentIncomeNet": "None", "netInterestIncome": "None", "interestIncome": "None", "interestExpense": "0", "nonInterestIncome": "None", "otherNonOperatingIncome": "131000000", "depreciation": "None", "depreciationAndAmortization": "11000000", "incomeBeforeTax": "899000000", "incomeTaxExpense": "280000000", "interestAndDebtExpense": "None", "netIncomeFromContinuingOperations": "619000000", "comprehensiveIncomeNetOfTax": "None", "ebit": "440000000", "ebitda": "440000000", "netIncome": "160000000"}, {"fiscalDateEnding": "2011-12-31", "reportedCurrency": "USD", "grossProfit": "209000000", "totalRevenue": "4675000000", "costOfRevenue": "4466000000", "costofGoodsAndServicesSold": "4466000000", "operatingIncome": "358000000", "sellingGeneralAndAdministrative": "0", "researchAndDevelopment": "0", "operatingExpenses": "-149000000", "investmentIncomeNet": "None", "netInterestIncome": "None", "interestIncome": "None", "interestExpense": "0", "nonInterestIncome": "None", "otherNonOperatingIncome": "None", "depreciation": "None", "depreciationAndAmortization": "4000000", "incomeBeforeTax": "358000000", "incomeTaxExpense": "90000000", "interestAndDebtExpense": "None", "netIncomeFromContinuingOperations": "268000000", "comprehensiveIncomeNetOfTax": "None", "ebit": "358000000", "ebitda": "362000000", "netIncome": "169000000"}, {"fiscalDateEnding": "2010-12-31", "reportedCurrency": "USD", "grossProfit": "893000000", "totalRevenue": "4762000000", "costOfRevenue": "3869000000", "costofGoodsAndServicesSold": "3869000000", "operatingIncome": "999000000", "sellingGeneralAndAdministrative": "0", "researchAndDevelopment": "0", "operatingExpenses": "-106000000", "investmentIncomeNet": "None", "netInterestIncome": "None", "interestIncome": "None", "interestExpense": "0", "nonInterestIncome": "None", "otherNonOperatingIncome": "None", "depreciation": "None", "depreciationAndAmortization": "12000000", "incomeBeforeTax": "999000000", "incomeTaxExpense": "339000000", "interestAndDebtExpense": "None", "netIncomeFromContinuingOperations": "660000000", "comprehensiveIncomeNetOfTax": "None", "ebit": "999000000", "ebitda": "1011000000", "netIncome": "162000000"}, {"fiscalDateEnding": "2009-12-31", "reportedCurrency": "USD", "grossProfit": "124332000", "totalRevenue": "4624000000", "costOfRevenue": "4499668000", "costofGoodsAndServicesSold": "4499668000", "operatingIncome": "524000000", "sellingGeneralAndAdministrative": "768668000", "researchAndDevelopment": "None", "operatingExpenses": "-399668000", "investmentIncomeNet": "None", "netInterestIncome": "None", "interestIncome": "None", "interestExpense": "0", "nonInterestIncome": "None", "otherNonOperatingIncome": "None", "depreciation": "None", "depreciationAndAmortization": "9000000", "incomeBeforeTax": "524000000", "incomeTaxExpense": "78000000", "interestAndDebtExpense": "None", "netIncomeFromContinuingOperations": "None", "comprehensiveIncomeNetOfTax": "None", "ebit": "524000000", "ebitda": "533000000", "netIncome": "108000000"}, {"fiscalDateEnding": "2008-12-31", "reportedCurrency": "USD", "grossProfit": "-1546012000", "totalRevenue": "2709000000", "costOfRevenue": "4255012000", "costofGoodsAndServicesSold": "4255012000", "operatingIncome": "-839000000", "sellingGeneralAndAdministrative": "765012000", "researchAndDevelopment": "None", "operatingExpenses": "-707012000", "investmentIncomeNet": "None", "netInterestIncome": "None", "interestIncome": "None", "interestExpense": "0", "nonInterestIncome": "None", "otherNonOperatingIncome": "None", "depreciation": "None", "depreciationAndAmortization": "36933000", "incomeBeforeTax": "-839000000", "incomeTaxExpense": "-223000000", "interestAndDebtExpense": "None", "netIncomeFromContinuingOperations": "None", "comprehensiveIncomeNetOfTax": "None", "ebit": "-839000000", "ebitda": "-802067000", "netIncome": "69000000"}, {"fiscalDateEnding": "2007-12-31", "reportedCurrency": "USD", "grossProfit": "249478000", "totalRevenue": "1179932000", "costOfRevenue": "930454000", "costofGoodsAndServicesSold": "930454000", "operatingIncome": "309168000", "sellingGeneralAndAdministrative": "755642000", "researchAndDevelopment": "None", "operatingExpenses": "-59690000", "investmentIncomeNet": "None", "netInterestIncome": "None", "interestIncome": "None", "interestExpense": "0", "nonInterestIncome": "None", "otherNonOperatingIncome": "None", "depreciation": "None", "depreciationAndAmortization": "31363000", "incomeBeforeTax": "309168000", "incomeTaxExpense": "99137000", "interestAndDebtExpense": "None", "netIncomeFromContinuingOperations": "None", "comprehensiveIncomeNetOfTax": "None", "ebit": "309168000", "ebitda": "340531000", "netIncome": "212945000"}, {"fiscalDateEnding": "2006-12-31", "reportedCurrency": "USD", "grossProfit": "257033000", "totalRevenue": "1191237000", "costOfRevenue": "934204000", "costofGoodsAndServicesSold": "934204000", "operatingIncome": "298799000", "sellingGeneralAndAdministrative": "742526000", "researchAndDevelopment": "None", "operatingExpenses": "-41766000", "investmentIncomeNet": "None", "netInterestIncome": "None", "interestIncome": "None", "interestExpense": "0", "nonInterestIncome": "None", "otherNonOperatingIncome": "None", "depreciation": "None", "depreciationAndAmortization": "36051000", "incomeBeforeTax": "298799000", "incomeTaxExpense": "99055000", "interestAndDebtExpense": "None", "netIncomeFromContinuingOperations": "None", "comprehensiveIncomeNetOfTax": "None", "ebit": "298799000", "ebitda": "334850000", "netIncome": "204025000"}, {"fiscalDateEnding": "2005-12-31", "reportedCurrency": "USD", "grossProfit": "301394000", "totalRevenue": "1202125000", "costOfRevenue": "900731000", "costofGoodsAndServicesSold": "900731000", "operatingIncome": "339456000", "sellingGeneralAndAdministrative": "710237000", "researchAndDevelopment": "None", "operatingExpenses": "-38062000", "investmentIncomeNet": "None", "netInterestIncome": "None", "interestIncome": "None", "interestExpense": "0", "nonInterestIncome": "None", "otherNonOperatingIncome": "None", "depreciation": "None", "depreciationAndAmortization": "36855000", "incomeBeforeTax": "339456000", "incomeTaxExpense": "111733000", "interestAndDebtExpense": "None", "netIncomeFromContinuingOperations": "None", "comprehensiveIncomeNetOfTax": "None", "ebit": "224219000", "ebitda": "261074000", "netIncome": "231104000"}], "quarterlyReports": [{"fiscalDateEnding": "2025-09-30", "reportedCurrency": "USD", "grossProfit": "446259000", "totalRevenue": "1304077000", "costOfRevenue": "857818000", "costofGoodsAndServicesSold": "857818000", "operatingIncome": "210252000", "sellingGeneralAndAdministrative": "215694000", "researchAndDevelopment": "None", "operatingExpenses": "236007000", "investmentIncomeNet": "None", "netInterestIncome": "None", "interestIncome": "None", "interestExpense": "None", "nonInterestIncome": "None", "otherNonOperatingIncome": "None", "depreciation": "None", "depreciationAndAmortization": "18400000", "incomeBeforeTax": "232761000", "incomeTaxExpense": "49908000", "interestAndDebtExpense": "None", "netIncomeFromContinuingOperations": "182853000", "comprehensiveIncomeNetOfTax": "None", "ebit": "210252000", "ebitda": "228652000", "netIncome": "182853000"}, {"fiscalDateEnding": "2025-06-30", "reportedCurrency": "USD", "grossProfit": "199173000", "totalRevenue": "1060097000", "costOfRevenue": "860924000", "costofGoodsAndServicesSold": "860924000", "operatingIncome": "199173000", "sellingGeneralAndAdministrative": "256735000", "researchAndDevelopment": "None", "operatingExpenses": "326554000", "investmentIncomeNet": "None", "netInterestIncome": "None", "interestIncome": "None", "interestExpense": "None", "nonInterestIncome": "None", "otherNonOperatingIncome": "None", "depreciation": "None", "depreciationAndAmortization": "14132500", "incomeBeforeTax": "220747000", "incomeTaxExpense": "46062000", "interestAndDebtExpense": "None", "netIncomeFromContinuingOperations": "174685000", "comprehensiveIncomeNetOfTax": "None", "ebit": "204799000", "ebitda": "218931500", "netIncome": "174685000"}, {"fiscalDateEnding": "2025-03-31", "reportedCurrency": "USD", "grossProfit": "151376000", "totalRevenue": "989399000", "costOfRevenue": "838023000", "costofGoodsAndServicesSold": "838023000", "operatingIncome": "151376000", "sellingGeneralAndAdministrative": "256056000", "researchAndDevelopment": "None", "operatingExpenses": "320334000", "investmentIncomeNet": "None", "netInterestIncome": "None", "interestIncome": "None", "interestExpense": "None", "nonInterestIncome": "None", "otherNonOperatingIncome": "None", "depreciation": "None", "depreciationAndAmortization": "14132500", "incomeBeforeTax": "174746000", "incomeTaxExpense": "36329000", "interestAndDebtExpense": "None", "netIncomeFromContinuingOperations": "138417000", "comprehensiveIncomeNetOfTax": "None", "ebit": "157479000", "ebitda": "171611500", "netIncome": "138417000"}, {"fiscalDateEnding": "2024-12-31", "reportedCurrency": "USD", "grossProfit": "167310000", "totalRevenue": "924090000", "costOfRevenue": "756780000", "costofGoodsAndServicesSold": "756780000", "operatingIncome": "167310000", "sellingGeneralAndAdministrative": "201987000", "researchAndDevelopment": "None", "operatingExpenses": "146359000", "investmentIncomeNet": "None", "netInterestIncome": "None", "interestIncome": "None", "interestExpense": "None", "nonInterestIncome": "None", "otherNonOperatingIncome": "None", "depreciation": "None", "depreciationAndAmortization": "14132500", "incomeBeforeTax": "191808000", "incomeTaxExpense": "39779000", "interestAndDebtExpense": "None", "netIncomeFromContinuingOperations": "152029000", "comprehensiveIncomeNetOfTax": "None", "ebit": "182465000", "ebitda": "196597500", "netIncome": "152029000"}, {"fiscalDateEnding": "2024-09-30", "reportedCurrency": "USD", "grossProfit": "180125000", "totalRevenue": "999886000", "costOfRevenue": "819761000", "costofGoodsAndServicesSold": "819761000", "operatingIncome": "180125000", "sellingGeneralAndAdministrative": "206754000", "researchAndDevelopment": "None", "operatingExpenses": "1025659000", "investmentIncomeNet": "None", "netInterestIncome": "None", "interestIncome": "None", "interestExpense": "None", "nonInterestIncome": "None", "otherNonOperatingIncome": "None", "depreciation": "None", "depreciationAndAmortization": "11853750", "incomeBeforeTax": "200842000", "incomeTaxExpense": "41012000", "interestAndDebtExpense": "None", "netIncomeFromContinuingOperations": "159830000", "comprehensiveIncomeNetOfTax": "None", "ebit": "185021000", "ebitda": "196874750", "netIncome": "159830000"}, {"fiscalDateEnding": "2024-06-30", "reportedCurrency": "USD", "grossProfit": "190208000", "totalRevenue": "990438000", "costOfRevenue": "800230000", "costofGoodsAndServicesSold": "800230000", "operatingIncome": "190208000", "sellingGeneralAndAdministrative": "251647000", "researchAndDevelopment": "None", "operatingExpenses": "316491000", "investmentIncomeNet": "None", "netInterestIncome": "None", "interestIncome": "None", "interestExpense": "None", "nonInterestIncome": "None", "otherNonOperatingIncome": "None", "depreciation": "None", "depreciationAndAmortization": "11853750", "incomeBeforeTax": "207327000", "incomeTaxExpense": "43424000", "interestAndDebtExpense": "None", "netIncomeFromContinuingOperations": "163903000", "comprehensiveIncomeNetOfTax": "None", "ebit": "199610000", "ebitda": "211463750", "netIncome": "163903000"}, {"fiscalDateEnding": "2024-03-31", "reportedCurrency": "USD", "grossProfit": "138812000", "totalRevenue": "880701000", "costOfRevenue": "741889000", "costofGoodsAndServicesSold": "741889000", "operatingIncome": "138812000", "sellingGeneralAndAdministrative": "237184000", "researchAndDevelopment": "None", "operatingExpenses": "298795000", "investmentIncomeNet": "None", "netInterestIncome": "None", "interestIncome": "None", "interestExpense": "None", "nonInterestIncome": "None", "otherNonOperatingIncome": "None", "depreciation": "None", "depreciationAndAmortization": "11853750", "incomeBeforeTax": "157302000", "incomeTaxExpense": "32750000", "interestAndDebtExpense": "None", "netIncomeFromContinuingOperations": "124552000", "comprehensiveIncomeNetOfTax": "None", "ebit": "147476000", "ebitda": "159329750", "netIncome": "124552000"}, {"fiscalDateEnding": "2023-12-31", "reportedCurrency": "USD", "grossProfit": "127084000", "totalRevenue": "817667000", "costOfRevenue": "690583000", "costofGoodsAndServicesSold": "690583000", "operatingIncome": "127084000", "sellingGeneralAndAdministrative": "46976000", "researchAndDevelopment": "None", "operatingExpenses": "-12840000", "investmentIncomeNet": "None", "netInterestIncome": "0", "interestIncome": "None", "interestExpense": "1395000", "nonInterestIncome": "None", "otherNonOperatingIncome": "None", "depreciation": "None", "depreciationAndAmortization": "11853750", "incomeBeforeTax": "139924000", "incomeTaxExpense": "28996000", "interestAndDebtExpense": "None", "netIncomeFromContinuingOperations": "110928000", "comprehensiveIncomeNetOfTax": "None", "ebit": "135224000", "ebitda": "147077750", "netIncome": "110928000"}, {"fiscalDateEnding": "2023-09-30", "reportedCurrency": "USD", "grossProfit": "148471000", "totalRevenue": "858938000", "costOfRevenue": "710467000", "costofGoodsAndServicesSold": "710467000", "operatingIncome": "148471000", "sellingGeneralAndAdministrative": "16151000", "researchAndDevelopment": "None", "operatingExpenses": "710467000", "investmentIncomeNet": "None", "netInterestIncome": "0", "interestIncome": "None", "interestExpense": "0", "nonInterestIncome": "None", "otherNonOperatingIncome": "None", "depreciation": "None", "depreciationAndAmortization": "11541500", "incomeBeforeTax": "163774000", "incomeTaxExpense": "32734000", "interestAndDebtExpense": "None", "netIncomeFromContinuingOperations": "131040000", "comprehensiveIncomeNetOfTax": "None", "ebit": "156611000", "ebitda": "168152500", "netIncome": "131040000"}, {"fiscalDateEnding": "2023-06-30", "reportedCurrency": "USD", "grossProfit": "134157999", "totalRevenue": "839870000", "costOfRevenue": "705712000", "costofGoodsAndServicesSold": "705712000", "operatingIncome": "134157999", "sellingGeneralAndAdministrative": "15636000", "researchAndDevelopment": "None", "operatingExpenses": "1", "investmentIncomeNet": "None", "netInterestIncome": "0", "interestIncome": "None", "interestExpense": "0", "nonInterestIncome": "None", "otherNonOperatingIncome": "3305000", "depreciation": "None", "depreciationAndAmortization": "11541500", "incomeBeforeTax": "149090000", "incomeTaxExpense": "31238000", "interestAndDebtExpense": "None", "netIncomeFromContinuingOperations": "117852000", "comprehensiveIncomeNetOfTax": "None", "ebit": "142298000", "ebitda": "153839500", "netIncome": "117852000"}, {"fiscalDateEnding": "2023-03-31", "reportedCurrency": "USD", "grossProfit": "110543000", "totalRevenue": "752465000", "costOfRevenue": "641922000", "costofGoodsAndServicesSold": "641922000", "operatingIncome": "110543000", "sellingGeneralAndAdministrative": "15189000", "researchAndDevelopment": "None", "operatingExpenses": "641922000", "investmentIncomeNet": "None", "netInterestIncome": "0", "interestIncome": "None", "interestExpense": "1395000", "nonInterestIncome": "None", "otherNonOperatingIncome": "3337000", "depreciation": "None", "depreciationAndAmortization": "11541500", "incomeBeforeTax": "109148000", "incomeTaxExpense": "22907000", "interestAndDebtExpense": "None", "netIncomeFromContinuingOperations": "86241000", "comprehensiveIncomeNetOfTax": "None", "ebit": "118684000", "ebitda": "130225500", "netIncome": "86241000"}, {"fiscalDateEnding": "2022-12-31", "reportedCurrency": "USD", "grossProfit": "257043000", "totalRevenue": "700635000", "costOfRevenue": "443592000", "costofGoodsAndServicesSold": "443592000", "operatingIncome": "81430000", "sellingGeneralAndAdministrative": "175613000", "researchAndDevelopment": "None", "operatingExpenses": "619205000", "investmentIncomeNet": "None", "netInterestIncome": "0", "interestIncome": "None", "interestExpense": "0", "nonInterestIncome": "None", "otherNonOperatingIncome": "243000", "depreciation": "None", "depreciationAndAmortization": "182125000", "incomeBeforeTax": "81961000", "incomeTaxExpense": "16471000", "interestAndDebtExpense": "None", "netIncomeFromContinuingOperations": "65490000", "comprehensiveIncomeNetOfTax": "None", "ebit": "81673000", "ebitda": "81961000", "netIncome": "65490000"}, {"fiscalDateEnding": "2022-09-30", "reportedCurrency": "USD", "grossProfit": "275125000", "totalRevenue": "741236000", "costOfRevenue": "466111000", "costofGoodsAndServicesSold": "466111000", "operatingIncome": "106472000", "sellingGeneralAndAdministrative": "168653000", "researchAndDevelopment": "None", "operatingExpenses": "634764000", "investmentIncomeNet": "None", "netInterestIncome": "-115000", "interestIncome": "None", "interestExpense": "115000", "nonInterestIncome": "None", "otherNonOperatingIncome": "562000", "depreciation": "None", "depreciationAndAmortization": "9302500", "incomeBeforeTax": "106348000", "incomeTaxExpense": "22035000", "interestAndDebtExpense": "None", "netIncomeFromContinuingOperations": "84313000", "comprehensiveIncomeNetOfTax": "None", "ebit": "107034000", "ebitda": "106463000", "netIncome": "84313000"}, {"fiscalDateEnding": "2022-06-30", "reportedCurrency": "USD", "grossProfit": "264675000", "totalRevenue": "726143000", "costOfRevenue": "461468000", "costofGoodsAndServicesSold": "461468000", "operatingIncome": "104000000", "sellingGeneralAndAdministrative": "160675000", "researchAndDevelopment": "None", "operatingExpenses": "622143000", "investmentIncomeNet": "None", "netInterestIncome": "-895000", "interestIncome": "None", "interestExpense": "895000", "nonInterestIncome": "None", "otherNonOperatingIncome": "337000", "depreciation": "None", "depreciationAndAmortization": "9302500", "incomeBeforeTax": "101348000", "incomeTaxExpense": "21201000", "interestAndDebtExpense": "None", "netIncomeFromContinuingOperations": "80147000", "comprehensiveIncomeNetOfTax": "None", "ebit": "104337000", "ebitda": "102243000", "netIncome": "80147000"}, {"fiscalDateEnding": "2022-03-31", "reportedCurrency": "USD", "grossProfit": "247639000", "totalRevenue": "672110000", "costOfRevenue": "424471000", "costofGoodsAndServicesSold": "424471000", "operatingIncome": "84312000", "sellingGeneralAndAdministrative": "163327000", "researchAndDevelopment": "None", "operatingExpenses": "587798000", "investmentIncomeNet": "None", "netInterestIncome": "-999000", "interestIncome": "None", "interestExpense": "999000", "nonInterestIncome": "None", "otherNonOperatingIncome": "473000", "depreciation": "None", "depreciationAndAmortization": "9302500", "incomeBeforeTax": "86795000", "incomeTaxExpense": "18176000", "interestAndDebtExpense": "None", "netIncomeFromContinuingOperations": "68619000", "comprehensiveIncomeNetOfTax": "None", "ebit": "84785000", "ebitda": "87794000", "netIncome": "68619000"}, {"fiscalDateEnding": "2021-12-31", "reportedCurrency": "USD", "grossProfit": "227184000", "totalRevenue": "635931000", "costOfRevenue": "408747000", "costofGoodsAndServicesSold": "408747000", "operatingIncome": "62434000", "sellingGeneralAndAdministrative": "164750000", "researchAndDevelopment": "None", "operatingExpenses": "573497000", "investmentIncomeNet": "None", "netInterestIncome": "-1050000", "interestIncome": "None", "interestExpense": "1050000", "nonInterestIncome": "None", "otherNonOperatingIncome": "7435000", "depreciation": "None", "depreciationAndAmortization": "9302500", "incomeBeforeTax": "69827000", "incomeTaxExpense": "14785000", "interestAndDebtExpense": "None", "netIncomeFromContinuingOperations": "55042000", "comprehensiveIncomeNetOfTax": "None", "ebit": "69269000", "ebitda": "70877000", "netIncome": "55042000"}, {"fiscalDateEnding": "2021-09-30", "reportedCurrency": "USD", "grossProfit": "257513000", "totalRevenue": "687839000", "costOfRevenue": "430326000", "costofGoodsAndServicesSold": "430326000", "operatingIncome": "95103000", "sellingGeneralAndAdministrative": "162410000", "researchAndDevelopment": "None", "operatingExpenses": "592736000", "investmentIncomeNet": "None", "netInterestIncome": "-1034000", "interestIncome": "None", "interestExpense": "1034000", "nonInterestIncome": "None", "otherNonOperatingIncome": "20598000", "depreciation": "None", "depreciationAndAmortization": "20057000", "incomeBeforeTax": "114126000", "incomeTaxExpense": "23903000", "interestAndDebtExpense": "None", "netIncomeFromContinuingOperations": "90223000", "comprehensiveIncomeNetOfTax": "None", "ebit": "95103000", "ebitda": "115160000", "netIncome": "90223000"}, {"fiscalDateEnding": "2021-06-30", "reportedCurrency": "USD", "grossProfit": "242255000", "totalRevenue": "680030000", "costOfRevenue": "437775000", "costofGoodsAndServicesSold": "437775000", "operatingIncome": "85065000", "sellingGeneralAndAdministrative": "157790000", "researchAndDevelopment": "None", "operatingExpenses": "594965000", "investmentIncomeNet": "None", "netInterestIncome": "-1039000", "interestIncome": "None", "interestExpense": "1039000", "nonInterestIncome": "None", "otherNonOperatingIncome": "16418000", "depreciation": "None", "depreciationAndAmortization": "15870000", "incomeBeforeTax": "99896000", "incomeTaxExpense": "20867000", "interestAndDebtExpense": "None", "netIncomeFromContinuingOperations": "79029000", "comprehensiveIncomeNetOfTax": "None", "ebit": "84044000", "ebitda": "100935000", "netIncome": "79029000"}, {"fiscalDateEnding": "2021-03-31", "reportedCurrency": "USD", "grossProfit": "229628000", "totalRevenue": "630177000", "costOfRevenue": "400549000", "costofGoodsAndServicesSold": "400549000", "operatingIncome": "76095000", "sellingGeneralAndAdministrative": "153533000", "researchAndDevelopment": "None", "operatingExpenses": "554082000", "investmentIncomeNet": "None", "netInterestIncome": "-1009000", "interestIncome": "None", "interestExpense": "1009000", "nonInterestIncome": "None", "otherNonOperatingIncome": "17988000", "depreciation": "None", "depreciationAndAmortization": "17469000", "incomeBeforeTax": "92555000", "incomeTaxExpense": "18989000", "interestAndDebtExpense": "None", "netIncomeFromContinuingOperations": "73566000", "comprehensiveIncomeNetOfTax": "None", "ebit": "94083000", "ebitda": "93564000", "netIncome": "73566000"}, {"fiscalDateEnding": "2020-12-31", "reportedCurrency": "USD", "grossProfit": "223258000", "totalRevenue": "609252000", "costOfRevenue": "385994000", "costofGoodsAndServicesSold": "385994000", "operatingIncome": "65052000", "sellingGeneralAndAdministrative": "158206000", "researchAndDevelopment": "None", "operatingExpenses": "544200000", "investmentIncomeNet": "None", "netInterestIncome": "-723000", "interestIncome": "None", "interestExpense": "723000", "nonInterestIncome": "None", "otherNonOperatingIncome": "None", "depreciation": "None", "depreciationAndAmortization": "5298751", "incomeBeforeTax": "78210000", "incomeTaxExpense": "15425000", "interestAndDebtExpense": "None", "netIncomeFromContinuingOperations": "62785000", "comprehensiveIncomeNetOfTax": "None", "ebit": "78210000", "ebitda": "78933000", "netIncome": "62785000"}, {"fiscalDateEnding": "2020-09-30", "reportedCurrency": "USD", "grossProfit": "243935000", "totalRevenue": "653481000", "costOfRevenue": "409546000", "costofGoodsAndServicesSold": "409546000", "operatingIncome": "96225000", "sellingGeneralAndAdministrative": "147710000", "researchAndDevelopment": "None", "operatingExpenses": "557256000", "investmentIncomeNet": "None", "netInterestIncome": "-3000", "interestIncome": "None", "interestExpense": "3000", "nonInterestIncome": "None", "otherNonOperatingIncome": "15474000", "depreciation": "None", "depreciationAndAmortization": "15474000", "incomeBeforeTax": "111696000", "incomeTaxExpense": "22480000", "interestAndDebtExpense": "None", "netIncomeFromContinuingOperations": "89216000", "comprehensiveIncomeNetOfTax": "None", "ebit": "111696000", "ebitda": "111699000", "netIncome": "89216000"}, {"fiscalDateEnding": "2020-06-30", "reportedCurrency": "USD", "grossProfit": "243154000", "totalRevenue": "657019000", "costOfRevenue": "413865000", "costofGoodsAndServicesSold": "413865000", "operatingIncome": "91189000", "sellingGeneralAndAdministrative": "151965000", "researchAndDevelopment": "None", "operatingExpenses": "565830000", "investmentIncomeNet": "None", "netInterestIncome": "-2000", "interestIncome": "None", "interestExpense": "2000", "nonInterestIncome": "None", "otherNonOperatingIncome": "11295000", "depreciation": "None", "depreciationAndAmortization": "11295000", "incomeBeforeTax": "102482000", "incomeTaxExpense": "20505000", "interestAndDebtExpense": "None", "netIncomeFromContinuingOperations": "81977000", "comprehensiveIncomeNetOfTax": "None", "ebit": "102482000", "ebitda": "102484000", "netIncome": "81977000"}, {"fiscalDateEnding": "2020-03-31", "reportedCurrency": "USD", "grossProfit": "237245000", "totalRevenue": "616737000", "costOfRevenue": "379492000", "costofGoodsAndServicesSold": "379492000", "operatingIncome": "85691000", "sellingGeneralAndAdministrative": "151554000", "researchAndDevelopment": "None", "operatingExpenses": "531046000", "investmentIncomeNet": "None", "netInterestIncome": "-3000", "interestIncome": "6145000", "interestExpense": "3000", "nonInterestIncome": "None", "otherNonOperatingIncome": "-9561000", "depreciation": "None", "depreciationAndAmortization": "-9561000", "incomeBeforeTax": "76127000", "incomeTaxExpense": "16801000", "interestAndDebtExpense": "None", "netIncomeFromContinuingOperations": "59326000", "comprehensiveIncomeNetOfTax": "None", "ebit": "76127000", "ebitda": "76130000", "netIncome": "59326000"}, {"fiscalDateEnding": "2019-12-31", "reportedCurrency": "USD", "grossProfit": "219405000", "totalRevenue": "596740000", "costOfRevenue": "377335000", "costofGoodsAndServicesSold": "377335000", "operatingIncome": "68700000", "sellingGeneralAndAdministrative": "150705000", "researchAndDevelopment": "None", "operatingExpenses": "528040000", "investmentIncomeNet": "None", "netInterestIncome": "-24000", "interestIncome": "6892000", "interestExpense": "24000", "nonInterestIncome": "None", "otherNonOperatingIncome": "6974000", "depreciation": "None", "depreciationAndAmortization": "4203250", "incomeBeforeTax": "75650000", "incomeTaxExpense": "16063000", "interestAndDebtExpense": "None", "netIncomeFromContinuingOperations": "59587000", "comprehensiveIncomeNetOfTax": "None", "ebit": "75650000", "ebitda": "75674000", "netIncome": "59587000"}, {"fiscalDateEnding": "2019-09-30", "reportedCurrency": "USD", "grossProfit": "248637000", "totalRevenue": "638742000", "costOfRevenue": "390105000", "costofGoodsAndServicesSold": "390105000", "operatingIncome": "105907000", "sellingGeneralAndAdministrative": "142730000", "researchAndDevelopment": "None", "operatingExpenses": "532835000", "investmentIncomeNet": "None", "netInterestIncome": "-111000", "interestIncome": "13526000", "interestExpense": "111000", "nonInterestIncome": "None", "otherNonOperatingIncome": "13706000", "depreciation": "None", "depreciationAndAmortization": "13706000", "incomeBeforeTax": "119502000", "incomeTaxExpense": "25333000", "interestAndDebtExpense": "None", "netIncomeFromContinuingOperations": "94169000", "comprehensiveIncomeNetOfTax": "None", "ebit": "119502000", "ebitda": "119613000", "netIncome": "94169000"}, {"fiscalDateEnding": "2019-06-30", "reportedCurrency": "USD", "grossProfit": "242705000", "totalRevenue": "647710000", "costOfRevenue": "405005000", "costofGoodsAndServicesSold": "405005000", "operatingIncome": "96610000", "sellingGeneralAndAdministrative": "146095000", "researchAndDevelopment": "None", "operatingExpenses": "551000000", "investmentIncomeNet": "None", "netInterestIncome": "-272000", "interestIncome": "9464000", "interestExpense": "272000", "nonInterestIncome": "None", "otherNonOperatingIncome": "9700000", "depreciation": "None", "depreciationAndAmortization": "9700000", "incomeBeforeTax": "106038000", "incomeTaxExpense": "18284000", "interestAndDebtExpense": "None", "netIncomeFromContinuingOperations": "87754000", "comprehensiveIncomeNetOfTax": "None", "ebit": "106038000", "ebitda": "106310000", "netIncome": "87754000"}, {"fiscalDateEnding": "2019-03-31", "reportedCurrency": "USD", "grossProfit": "228602000", "totalRevenue": "594106000", "costOfRevenue": "365504000", "costofGoodsAndServicesSold": "365504000", "operatingIncome": "86122000", "sellingGeneralAndAdministrative": "142480000", "researchAndDevelopment": "None", "operatingExpenses": "507984000", "investmentIncomeNet": "None", "netInterestIncome": "-449000", "interestIncome": "9424000", "interestExpense": "449000", "nonInterestIncome": "None", "otherNonOperatingIncome": "9842000", "depreciation": "None", "depreciationAndAmortization": "9842000", "incomeBeforeTax": "95515000", "incomeTaxExpense": "20204000", "interestAndDebtExpense": "None", "netIncomeFromContinuingOperations": "75311000", "comprehensiveIncomeNetOfTax": "None", "ebit": "95515000", "ebitda": "95964000", "netIncome": "75311000"}, {"fiscalDateEnding": "2018-12-31", "reportedCurrency": "USD", "grossProfit": "582646000", "totalRevenue": "582646000", "costOfRevenue": "501710000", "costofGoodsAndServicesSold": "501710000", "operatingIncome": "74758000", "sellingGeneralAndAdministrative": "39894000", "researchAndDevelopment": "0", "operatingExpenses": "502000000", "investmentIncomeNet": "None", "netInterestIncome": "None", "interestIncome": "None", "interestExpense": "596000", "nonInterestIncome": "None", "otherNonOperatingIncome": "8480000", "depreciation": "None", "depreciationAndAmortization": "3342000", "incomeBeforeTax": "82642000", "incomeTaxExpense": "20328000", "interestAndDebtExpense": "None", "netIncomeFromContinuingOperations": "62314000", "comprehensiveIncomeNetOfTax": "None", "ebit": "82642000", "ebitda": "83238000", "netIncome": "62314000"}, {"fiscalDateEnding": "2018-09-30", "reportedCurrency": "USD", "grossProfit": "619785000", "totalRevenue": "619785000", "costOfRevenue": "515431000", "costofGoodsAndServicesSold": "515431000", "operatingIncome": "96695000", "sellingGeneralAndAdministrative": "13521000", "researchAndDevelopment": "0", "operatingExpenses": "515000000", "investmentIncomeNet": "None", "netInterestIncome": "None", "interestIncome": "None", "interestExpense": "709000", "nonInterestIncome": "None", "otherNonOperatingIncome": "8485000", "depreciation": "None", "depreciationAndAmortization": "8485000", "incomeBeforeTax": "104471000", "incomeTaxExpense": "24025000", "interestAndDebtExpense": "None", "netIncomeFromContinuingOperations": "80446000", "comprehensiveIncomeNetOfTax": "None", "ebit": "104471000", "ebitda": "105180000", "netIncome": "80446000"}, {"fiscalDateEnding": "2018-06-30", "reportedCurrency": "USD", "grossProfit": "627884000", "totalRevenue": "627884000", "costOfRevenue": "526135000", "costofGoodsAndServicesSold": "526135000", "operatingIncome": "95323000", "sellingGeneralAndAdministrative": "13299000", "researchAndDevelopment": "0", "operatingExpenses": "526000000", "investmentIncomeNet": "None", "netInterestIncome": "None", "interestIncome": "None", "interestExpense": "602000", "nonInterestIncome": "None", "otherNonOperatingIncome": "6265000", "depreciation": "None", "depreciationAndAmortization": "6265000", "incomeBeforeTax": "100986000", "incomeTaxExpense": "21280000", "interestAndDebtExpense": "None", "netIncomeFromContinuingOperations": "79706000", "comprehensiveIncomeNetOfTax": "None", "ebit": "100986000", "ebitda": "101588000", "netIncome": "79706000"}, {"fiscalDateEnding": "2018-03-31", "reportedCurrency": "USD", "grossProfit": "578515000", "totalRevenue": "578515000", "costOfRevenue": "494593000", "costofGoodsAndServicesSold": "494593000", "operatingIncome": "77567000", "sellingGeneralAndAdministrative": "13074000", "researchAndDevelopment": "0", "operatingExpenses": "495000000", "investmentIncomeNet": "None", "netInterestIncome": "None", "interestIncome": "None", "interestExpense": "553000", "nonInterestIncome": "None", "otherNonOperatingIncome": "6207000", "depreciation": "None", "depreciationAndAmortization": "6207000", "incomeBeforeTax": "83221000", "incomeTaxExpense": "17463000", "interestAndDebtExpense": "None", "netIncomeFromContinuingOperations": "65758000", "comprehensiveIncomeNetOfTax": "None", "ebit": "83221000", "ebitda": "83774000", "netIncome": "65758000"}, {"fiscalDateEnding": "2017-12-31", "reportedCurrency": "USD", "grossProfit": "58625000", "totalRevenue": "401402000", "costOfRevenue": "342777000", "costofGoodsAndServicesSold": "342777000", "operatingIncome": "58625000", "sellingGeneralAndAdministrative": "59168000", "researchAndDevelopment": "0", "operatingExpenses": "342980000", "investmentIncomeNet": "None", "netInterestIncome": "None", "interestIncome": "None", "interestExpense": "438000", "nonInterestIncome": "None", "otherNonOperatingIncome": "7121000", "depreciation": "None", "depreciationAndAmortization": "3707750", "incomeBeforeTax": "64641000", "incomeTaxExpense": "32588000", "interestAndDebtExpense": "None", "netIncomeFromContinuingOperations": "32053000", "comprehensiveIncomeNetOfTax": "None", "ebit": "57528000", "ebitda": "61235750", "netIncome": "32053000"}, {"fiscalDateEnding": "2017-09-30", "reportedCurrency": "USD", "grossProfit": "81239000", "totalRevenue": "442492000", "costOfRevenue": "361253000", "costofGoodsAndServicesSold": "361253000", "operatingIncome": "81239000", "sellingGeneralAndAdministrative": "60499000", "researchAndDevelopment": "0", "operatingExpenses": "360131000", "investmentIncomeNet": "None", "netInterestIncome": "None", "interestIncome": "None", "interestExpense": "377000", "nonInterestIncome": "None", "otherNonOperatingIncome": "8406000", "depreciation": "None", "depreciationAndAmortization": "3788500", "incomeBeforeTax": "88865000", "incomeTaxExpense": "30322000", "interestAndDebtExpense": "None", "netIncomeFromContinuingOperations": "58543000", "comprehensiveIncomeNetOfTax": "None", "ebit": "80444000", "ebitda": "84232500", "netIncome": "58543000"}, {"fiscalDateEnding": "2017-06-30", "reportedCurrency": "USD", "grossProfit": "83448000", "totalRevenue": "448564000", "costOfRevenue": "365116000", "costofGoodsAndServicesSold": "365116000", "operatingIncome": "83448000", "sellingGeneralAndAdministrative": "60774000", "researchAndDevelopment": "0", "operatingExpenses": "365631000", "investmentIncomeNet": "None", "netInterestIncome": "None", "interestIncome": "None", "interestExpense": "257000", "nonInterestIncome": "None", "otherNonOperatingIncome": "6448000", "depreciation": "None", "depreciationAndAmortization": "3788500", "incomeBeforeTax": "89235000", "incomeTaxExpense": "30708000", "interestAndDebtExpense": "None", "netIncomeFromContinuingOperations": "58527000", "comprehensiveIncomeNetOfTax": "None", "ebit": "83448000", "ebitda": "87236500", "netIncome": "58527000"}, {"fiscalDateEnding": "2017-03-31", "reportedCurrency": "USD", "grossProfit": "66940000", "totalRevenue": "399316000", "costOfRevenue": "332376000", "costofGoodsAndServicesSold": "332376000", "operatingIncome": "66940000", "sellingGeneralAndAdministrative": "59740000", "researchAndDevelopment": "0", "operatingExpenses": "332738000", "investmentIncomeNet": "None", "netInterestIncome": "None", "interestIncome": "None", "interestExpense": "166000", "nonInterestIncome": "None", "otherNonOperatingIncome": "6586000", "depreciation": "None", "depreciationAndAmortization": "3788500", "incomeBeforeTax": "72954000", "incomeTaxExpense": "25078000", "interestAndDebtExpense": "None", "netIncomeFromContinuingOperations": "47876000", "comprehensiveIncomeNetOfTax": "None", "ebit": "66940000", "ebitda": "70728500", "netIncome": "47876000"}, {"fiscalDateEnding": "2016-12-31", "reportedCurrency": "USD", "grossProfit": "110999000", "totalRevenue": "379613000", "costOfRevenue": "268614000", "costofGoodsAndServicesSold": "268614000", "operatingIncome": "56685000", "sellingGeneralAndAdministrative": "51777000", "researchAndDevelopment": "0", "operatingExpenses": "54314000", "investmentIncomeNet": "None", "netInterestIncome": "None", "interestIncome": "None", "interestExpense": "101000", "nonInterestIncome": "None", "otherNonOperatingIncome": "13539000", "depreciation": "None", "depreciationAndAmortization": "3788500", "incomeBeforeTax": "70123000", "incomeTaxExpense": "24337000", "interestAndDebtExpense": "None", "netIncomeFromContinuingOperations": "45786000", "comprehensiveIncomeNetOfTax": "None", "ebit": "56685000", "ebitda": "60473500", "netIncome": "45786000"}, {"fiscalDateEnding": "2016-09-30", "reportedCurrency": "USD", "grossProfit": "132686000", "totalRevenue": "418406000", "costOfRevenue": "285720000", "costofGoodsAndServicesSold": "285720000", "operatingIncome": "82255000", "sellingGeneralAndAdministrative": "53265000", "researchAndDevelopment": "0", "operatingExpenses": "50431000", "investmentIncomeNet": "None", "netInterestIncome": "None", "interestIncome": "None", "interestExpense": "0", "nonInterestIncome": "None", "otherNonOperatingIncome": "4326000", "depreciation": "None", "depreciationAndAmortization": "4115250", "incomeBeforeTax": "86581000", "incomeTaxExpense": "29205000", "interestAndDebtExpense": "None", "netIncomeFromContinuingOperations": "57376000", "comprehensiveIncomeNetOfTax": "None", "ebit": "82255000", "ebitda": "86370250", "netIncome": "57376000"}, {"fiscalDateEnding": "2016-06-30", "reportedCurrency": "USD", "grossProfit": "133065000", "totalRevenue": "423884000", "costOfRevenue": "290819000", "costofGoodsAndServicesSold": "290819000", "operatingIncome": "85759000", "sellingGeneralAndAdministrative": "55025000", "researchAndDevelopment": "0", "operatingExpenses": "47306000", "investmentIncomeNet": "None", "netInterestIncome": "None", "interestIncome": "None", "interestExpense": "0", "nonInterestIncome": "None", "otherNonOperatingIncome": "7404000", "depreciation": "None", "depreciationAndAmortization": "4115250", "incomeBeforeTax": "93163000", "incomeTaxExpense": "31854000", "interestAndDebtExpense": "None", "netIncomeFromContinuingOperations": "61309000", "comprehensiveIncomeNetOfTax": "None", "ebit": "85759000", "ebitda": "89874250", "netIncome": "61309000"}, {"fiscalDateEnding": "2016-03-31", "reportedCurrency": "USD", "grossProfit": "112725000", "totalRevenue": "374728000", "costOfRevenue": "262003000", "costofGoodsAndServicesSold": "262003000", "operatingIncome": "67665000", "sellingGeneralAndAdministrative": "53289000", "researchAndDevelopment": "0", "operatingExpenses": "45060000", "investmentIncomeNet": "None", "netInterestIncome": "None", "interestIncome": "None", "interestExpense": "0", "nonInterestIncome": "None", "otherNonOperatingIncome": "2559000", "depreciation": "None", "depreciationAndAmortization": "4115250", "incomeBeforeTax": "70224000", "incomeTaxExpense": "24329000", "interestAndDebtExpense": "None", "netIncomeFromContinuingOperations": "45895000", "comprehensiveIncomeNetOfTax": "None", "ebit": "67665000", "ebitda": "71780250", "netIncome": "45895000"}, {"fiscalDateEnding": "2015-12-31", "reportedCurrency": "USD", "grossProfit": "-101085000", "totalRevenue": "-3077492000", "costOfRevenue": "2976407000", "costofGoodsAndServicesSold": "2976407000", "operatingIncome": "232541000", "sellingGeneralAndAdministrative": "55998000", "researchAndDevelopment": "9000000", "operatingExpenses": "-6286440000", "investmentIncomeNet": "None", "netInterestIncome": "None", "interestIncome": "None", "interestExpense": "101000", "nonInterestIncome": "None", "otherNonOperatingIncome": "33708000", "depreciation": "None", "depreciationAndAmortization": "1865250", "incomeBeforeTax": "-265751000", "incomeTaxExpense": "-74429000", "interestAndDebtExpense": "None", "netIncomeFromContinuingOperations": "-191322000", "comprehensiveIncomeNetOfTax": "None", "ebit": "-299459000", "ebitda": "-297593750", "netIncome": "29678000"}, {"fiscalDateEnding": "2015-09-30", "reportedCurrency": "USD", "grossProfit": "40000000", "totalRevenue": "1346000000", "costOfRevenue": "1306000000", "costofGoodsAndServicesSold": "1306000000", "operatingIncome": "40000000", "sellingGeneralAndAdministrative": "58342000", "researchAndDevelopment": "0", "operatingExpenses": "-1205230000", "investmentIncomeNet": "None", "netInterestIncome": "None", "interestIncome": "None", "interestExpense": "0", "nonInterestIncome": "None", "otherNonOperatingIncome": "None", "depreciation": "None", "depreciationAndAmortization": "4000000", "incomeBeforeTax": "75509000", "incomeTaxExpense": "25947000", "interestAndDebtExpense": "None", "netIncomeFromContinuingOperations": "33000000", "comprehensiveIncomeNetOfTax": "None", "ebit": "40000000", "ebitda": "44000000", "netIncome": "49562000"}, {"fiscalDateEnding": "2015-06-30", "reportedCurrency": "USD", "grossProfit": "295000000", "totalRevenue": "1632000000", "costOfRevenue": "1337000000", "costofGoodsAndServicesSold": "1337000000", "operatingIncome": "295000000", "sellingGeneralAndAdministrative": "57354000", "researchAndDevelopment": "0", "operatingExpenses": "-1239761000", "investmentIncomeNet": "None", "netInterestIncome": "None", "interestIncome": "None", "interestExpense": "0", "nonInterestIncome": "None", "otherNonOperatingIncome": "None", "depreciation": "None", "depreciationAndAmortization": "4000000", "incomeBeforeTax": "85688000", "incomeTaxExpense": "29538000", "interestAndDebtExpense": "None", "netIncomeFromContinuingOperations": "197000000", "comprehensiveIncomeNetOfTax": "None", "ebit": "295000000", "ebitda": "299000000", "netIncome": "56150000"}, {"fiscalDateEnding": "2015-03-31", "reportedCurrency": "USD", "grossProfit": "197000000", "totalRevenue": "1605000000", "costOfRevenue": "1408000000", "costofGoodsAndServicesSold": "1408000000", "operatingIncome": "197000000", "sellingGeneralAndAdministrative": "55019000", "researchAndDevelopment": "0", "operatingExpenses": "-1305674000", "investmentIncomeNet": "None", "netInterestIncome": "None", "interestIncome": "None", "interestExpense": "0", "nonInterestIncome": "None", "otherNonOperatingIncome": "None", "depreciation": "None", "depreciationAndAmortization": "4000000", "incomeBeforeTax": "58969000", "incomeTaxExpense": "20136000", "interestAndDebtExpense": "None", "netIncomeFromContinuingOperations": "136000000", "comprehensiveIncomeNetOfTax": "None", "ebit": "197000000", "ebitda": "201000000", "netIncome": "38833000"}, {"fiscalDateEnding": "2014-12-31", "reportedCurrency": "USD", "grossProfit": "377000000", "totalRevenue": "1589000000", "costOfRevenue": "1212000000", "costofGoodsAndServicesSold": "1212000000", "operatingIncome": "370000000", "sellingGeneralAndAdministrative": "0", "researchAndDevelopment": "7000000", "operatingExpenses": "7000000", "investmentIncomeNet": "None", "netInterestIncome": "None", "interestIncome": "None", "interestExpense": "101000", "nonInterestIncome": "None", "otherNonOperatingIncome": "None", "depreciation": "None", "depreciationAndAmortization": "4000000", "incomeBeforeTax": "377000000", "incomeTaxExpense": "124000000", "interestAndDebtExpense": "None", "netIncomeFromContinuingOperations": "253000000", "comprehensiveIncomeNetOfTax": "None", "ebit": "377000000", "ebitda": "381000000", "netIncome": "26000000"}, {"fiscalDateEnding": "2014-09-30", "reportedCurrency": "USD", "grossProfit": "150000000", "totalRevenue": "1426000000", "costOfRevenue": "1276000000", "costofGoodsAndServicesSold": "1276000000", "operatingIncome": "150000000", "sellingGeneralAndAdministrative": "0", "researchAndDevelopment": "0", "operatingExpenses": "-34000000", "investmentIncomeNet": "None", "netInterestIncome": "None", "interestIncome": "None", "interestExpense": "0", "nonInterestIncome": "None", "otherNonOperatingIncome": "None", "depreciation": "None", "depreciationAndAmortization": "3500000", "incomeBeforeTax": "150000000", "incomeTaxExpense": "42000000", "interestAndDebtExpense": "None", "netIncomeFromContinuingOperations": "108000000", "comprehensiveIncomeNetOfTax": "None", "ebit": "150000000", "ebitda": "153500000", "netIncome": "47000000"}, {"fiscalDateEnding": "2014-06-30", "reportedCurrency": "USD", "grossProfit": "147000000", "totalRevenue": "1598000000", "costOfRevenue": "1451000000", "costofGoodsAndServicesSold": "1451000000", "operatingIncome": "147000000", "sellingGeneralAndAdministrative": "0", "researchAndDevelopment": "0", "operatingExpenses": "-27000000", "investmentIncomeNet": "None", "netInterestIncome": "None", "interestIncome": "None", "interestExpense": "0", "nonInterestIncome": "None", "otherNonOperatingIncome": "None", "depreciation": "None", "depreciationAndAmortization": "3500000", "incomeBeforeTax": "147000000", "incomeTaxExpense": "44000000", "interestAndDebtExpense": "None", "netIncomeFromContinuingOperations": "103000000", "comprehensiveIncomeNetOfTax": "None", "ebit": "147000000", "ebitda": "150500000", "netIncome": "49000000"}, {"fiscalDateEnding": "2014-03-31", "reportedCurrency": "USD", "grossProfit": "156000000", "totalRevenue": "1511000000", "costOfRevenue": "1355000000", "costofGoodsAndServicesSold": "1355000000", "operatingIncome": "156000000", "sellingGeneralAndAdministrative": "0", "researchAndDevelopment": "0", "operatingExpenses": "-50000000", "investmentIncomeNet": "None", "netInterestIncome": "None", "interestIncome": "None", "interestExpense": "0", "nonInterestIncome": "None", "otherNonOperatingIncome": "None", "depreciation": "None", "depreciationAndAmortization": "3500000", "incomeBeforeTax": "156000000", "incomeTaxExpense": "47000000", "interestAndDebtExpense": "None", "netIncomeFromContinuingOperations": "109000000", "comprehensiveIncomeNetOfTax": "None", "ebit": "156000000", "ebitda": "159500000", "netIncome": "46000000"}, {"fiscalDateEnding": "2013-12-31", "reportedCurrency": "USD", "grossProfit": "470000000", "totalRevenue": "1697000000", "costOfRevenue": "1227000000", "costofGoodsAndServicesSold": "1227000000", "operatingIncome": "463000000", "sellingGeneralAndAdministrative": "0", "researchAndDevelopment": "7000000", "operatingExpenses": "7000000", "investmentIncomeNet": "None", "netInterestIncome": "None", "interestIncome": "None", "interestExpense": "0", "nonInterestIncome": "None", "otherNonOperatingIncome": "None", "depreciation": "None", "depreciationAndAmortization": "3500000", "incomeBeforeTax": "470000000", "incomeTaxExpense": "156000000", "interestAndDebtExpense": "None", "netIncomeFromContinuingOperations": "314000000", "comprehensiveIncomeNetOfTax": "None", "ebit": "470000000", "ebitda": "473500000", "netIncome": "36000000"}, {"fiscalDateEnding": "2013-09-30", "reportedCurrency": "USD", "grossProfit": "398000000", "totalRevenue": "1577000000", "costOfRevenue": "1179000000", "costofGoodsAndServicesSold": "1179000000", "operatingIncome": "398000000", "sellingGeneralAndAdministrative": "0", "researchAndDevelopment": "0", "operatingExpenses": "-37000000", "investmentIncomeNet": "None", "netInterestIncome": "None", "interestIncome": "None", "interestExpense": "0", "nonInterestIncome": "None", "otherNonOperatingIncome": "None", "depreciation": "None", "depreciationAndAmortization": "2750000", "incomeBeforeTax": "398000000", "incomeTaxExpense": "131000000", "interestAndDebtExpense": "None", "netIncomeFromContinuingOperations": "267000000", "comprehensiveIncomeNetOfTax": "None", "ebit": "398000000", "ebitda": "400750000", "netIncome": "46000000"}, {"fiscalDateEnding": "2013-06-30", "reportedCurrency": "USD", "grossProfit": "263000000", "totalRevenue": "1426000000", "costOfRevenue": "1163000000", "costofGoodsAndServicesSold": "1163000000", "operatingIncome": "263000000", "sellingGeneralAndAdministrative": "0", "researchAndDevelopment": "0", "operatingExpenses": "-39000000", "investmentIncomeNet": "None", "netInterestIncome": "None", "interestIncome": "None", "interestExpense": "0", "nonInterestIncome": "None", "otherNonOperatingIncome": "None", "depreciation": "None", "depreciationAndAmortization": "2750000", "incomeBeforeTax": "263000000", "incomeTaxExpense": "86000000", "interestAndDebtExpense": "None", "netIncomeFromContinuingOperations": "177000000", "comprehensiveIncomeNetOfTax": "None", "ebit": "263000000", "ebitda": "265750000", "netIncome": "44000000"}, {"fiscalDateEnding": "2013-03-31", "reportedCurrency": "USD", "grossProfit": "436000000", "totalRevenue": "1571000000", "costOfRevenue": "1135000000", "costofGoodsAndServicesSold": "1135000000", "operatingIncome": "436000000", "sellingGeneralAndAdministrative": "0", "researchAndDevelopment": "0", "operatingExpenses": "-36000000", "investmentIncomeNet": "None", "netInterestIncome": "None", "interestIncome": "None", "interestExpense": "0", "nonInterestIncome": "None", "otherNonOperatingIncome": "None", "depreciation": "None", "depreciationAndAmortization": "2750000", "incomeBeforeTax": "436000000", "incomeTaxExpense": "146000000", "interestAndDebtExpense": "None", "netIncomeFromContinuingOperations": "290000000", "comprehensiveIncomeNetOfTax": "None", "ebit": "436000000", "ebitda": "438750000", "netIncome": "37000000"}, {"fiscalDateEnding": "2012-12-31", "reportedCurrency": "USD", "grossProfit": "165000000", "totalRevenue": "1372000000", "costOfRevenue": "1207000000", "costofGoodsAndServicesSold": "1207000000", "operatingIncome": "165000000", "sellingGeneralAndAdministrative": "0", "researchAndDevelopment": "6000000", "operatingExpenses": "-32000000", "investmentIncomeNet": "None", "netInterestIncome": "None", "interestIncome": "None", "interestExpense": "0", "nonInterestIncome": "None", "otherNonOperatingIncome": "131000000", "depreciation": "None", "depreciationAndAmortization": "2750000", "incomeBeforeTax": "165000000", "incomeTaxExpense": "46000000", "interestAndDebtExpense": "None", "netIncomeFromContinuingOperations": "119000000", "comprehensiveIncomeNetOfTax": "None", "ebit": "165000000", "ebitda": "167750000", "netIncome": "30000000"}, {"fiscalDateEnding": "2012-09-30", "reportedCurrency": "USD", "grossProfit": "270000000", "totalRevenue": "1460000000", "costOfRevenue": "1190000000", "costofGoodsAndServicesSold": "1190000000", "operatingIncome": "270000000", "sellingGeneralAndAdministrative": "0", "researchAndDevelopment": "0", "operatingExpenses": "-41000000", "investmentIncomeNet": "None", "netInterestIncome": "None", "interestIncome": "None", "interestExpense": "0", "nonInterestIncome": "None", "otherNonOperatingIncome": "None", "depreciation": "None", "depreciationAndAmortization": "-270000000", "incomeBeforeTax": "270000000", "incomeTaxExpense": "86000000", "interestAndDebtExpense": "None", "netIncomeFromContinuingOperations": "184000000", "comprehensiveIncomeNetOfTax": "None", "ebit": "137000000", "ebitda": "-133000000", "netIncome": "51000000"}, {"fiscalDateEnding": "2012-06-30", "reportedCurrency": "USD", "grossProfit": "-107000000", "totalRevenue": "1123000000", "costOfRevenue": "1230000000", "costofGoodsAndServicesSold": "1230000000", "operatingIncome": "-70000000", "sellingGeneralAndAdministrative": "0", "researchAndDevelopment": "0", "operatingExpenses": "-37000000", "investmentIncomeNet": "None", "netInterestIncome": "None", "interestIncome": "None", "interestExpense": "0", "nonInterestIncome": "None", "otherNonOperatingIncome": "None", "depreciation": "None", "depreciationAndAmortization": "None", "incomeBeforeTax": "-70000000", "incomeTaxExpense": "-32000000", "interestAndDebtExpense": "None", "netIncomeFromContinuingOperations": "-38000000", "comprehensiveIncomeNetOfTax": "None", "ebit": "-70000000", "ebitda": "-70000000", "netIncome": "43000000"}, {"fiscalDateEnding": "2012-03-31", "reportedCurrency": "USD", "grossProfit": "513000000", "totalRevenue": "1499000000", "costOfRevenue": "986000000", "costofGoodsAndServicesSold": "986000000", "operatingIncome": "534000000", "sellingGeneralAndAdministrative": "0", "researchAndDevelopment": "0", "operatingExpenses": "-21000000", "investmentIncomeNet": "None", "netInterestIncome": "None", "interestIncome": "None", "interestExpense": "0", "nonInterestIncome": "None", "otherNonOperatingIncome": "None", "depreciation": "None", "depreciationAndAmortization": "None", "incomeBeforeTax": "534000000", "incomeTaxExpense": "180000000", "interestAndDebtExpense": "None", "netIncomeFromContinuingOperations": "354000000", "comprehensiveIncomeNetOfTax": "None", "ebit": "534000000", "ebitda": "534000000", "netIncome": "36000000"}, {"fiscalDateEnding": "2011-12-31", "reportedCurrency": "USD", "grossProfit": "426000000", "totalRevenue": "1419000000", "costOfRevenue": "993000000", "costofGoodsAndServicesSold": "993000000", "operatingIncome": "425000000", "sellingGeneralAndAdministrative": "0", "researchAndDevelopment": "0", "operatingExpenses": "1000000", "investmentIncomeNet": "None", "netInterestIncome": "None", "interestIncome": "None", "interestExpense": "0", "nonInterestIncome": "None", "otherNonOperatingIncome": "None", "depreciation": "None", "depreciationAndAmortization": "None", "incomeBeforeTax": "425000000", "incomeTaxExpense": "144000000", "interestAndDebtExpense": "None", "netIncomeFromContinuingOperations": "281000000", "comprehensiveIncomeNetOfTax": "None", "ebit": "425000000", "ebitda": "425000000", "netIncome": "26000000"}, {"fiscalDateEnding": "2011-09-30", "reportedCurrency": "USD", "grossProfit": "-345000000", "totalRevenue": "756000000", "costOfRevenue": "1101000000", "costofGoodsAndServicesSold": "1101000000", "operatingIncome": "-305000000", "sellingGeneralAndAdministrative": "0", "researchAndDevelopment": "0", "operatingExpenses": "-40000000", "investmentIncomeNet": "None", "netInterestIncome": "None", "interestIncome": "None", "interestExpense": "0", "nonInterestIncome": "None", "otherNonOperatingIncome": "None", "depreciation": "None", "depreciationAndAmortization": "None", "incomeBeforeTax": "-305000000", "incomeTaxExpense": "-125000000", "interestAndDebtExpense": "None", "netIncomeFromContinuingOperations": "-180000000", "comprehensiveIncomeNetOfTax": "None", "ebit": "-305000000", "ebitda": "-305000000", "netIncome": "47000000"}, {"fiscalDateEnding": "2011-06-30", "reportedCurrency": "USD", "grossProfit": "-212000000", "totalRevenue": "1207000000", "costOfRevenue": "1419000000", "costofGoodsAndServicesSold": "1419000000", "operatingIncome": "-174000000", "sellingGeneralAndAdministrative": "0", "researchAndDevelopment": "0", "operatingExpenses": "-38000000", "investmentIncomeNet": "None", "netInterestIncome": "None", "interestIncome": "None", "interestExpense": "0", "nonInterestIncome": "None", "otherNonOperatingIncome": "None", "depreciation": "None", "depreciationAndAmortization": "None", "incomeBeforeTax": "-174000000", "incomeTaxExpense": "-67000000", "interestAndDebtExpense": "None", "netIncomeFromContinuingOperations": "-107000000", "comprehensiveIncomeNetOfTax": "None", "ebit": "-174000000", "ebitda": "-174000000", "netIncome": "52000000"}, {"fiscalDateEnding": "2011-03-31", "reportedCurrency": "USD", "grossProfit": "340000000", "totalRevenue": "1293000000", "costOfRevenue": "953000000", "costofGoodsAndServicesSold": "953000000", "operatingIncome": "412000000", "sellingGeneralAndAdministrative": "0", "researchAndDevelopment": "0", "operatingExpenses": "-72000000", "investmentIncomeNet": "None", "netInterestIncome": "None", "interestIncome": "None", "interestExpense": "0", "nonInterestIncome": "None", "otherNonOperatingIncome": "None", "depreciation": "None", "depreciationAndAmortization": "None", "incomeBeforeTax": "412000000", "incomeTaxExpense": "138000000", "interestAndDebtExpense": "None", "netIncomeFromContinuingOperations": "274000000", "comprehensiveIncomeNetOfTax": "None", "ebit": "412000000", "ebitda": "412000000", "netIncome": "44000000"}, {"fiscalDateEnding": "2010-12-31", "reportedCurrency": "USD", "grossProfit": "369000000", "totalRevenue": "1331000000", "costOfRevenue": "962000000", "costofGoodsAndServicesSold": "962000000", "operatingIncome": "417000000", "sellingGeneralAndAdministrative": "0", "researchAndDevelopment": "0", "operatingExpenses": "-48000000", "investmentIncomeNet": "None", "netInterestIncome": "None", "interestIncome": "None", "interestExpense": "0", "nonInterestIncome": "None", "otherNonOperatingIncome": "None", "depreciation": "None", "depreciationAndAmortization": "-3000000", "incomeBeforeTax": "417000000", "incomeTaxExpense": "163000000", "interestAndDebtExpense": "None", "netIncomeFromContinuingOperations": "0", "comprehensiveIncomeNetOfTax": "None", "ebit": "178000000", "ebitda": "417000000", "netIncome": "12000000"}, {"fiscalDateEnding": "2010-09-30", "reportedCurrency": "USD", "grossProfit": "377000000", "totalRevenue": "1329000000", "costOfRevenue": "952000000", "costofGoodsAndServicesSold": "952000000", "operatingIncome": "405000000", "sellingGeneralAndAdministrative": "0", "researchAndDevelopment": "0", "operatingExpenses": "-28000000", "investmentIncomeNet": "None", "netInterestIncome": "None", "interestIncome": "None", "interestExpense": "0", "nonInterestIncome": "None", "otherNonOperatingIncome": "None", "depreciation": "None", "depreciationAndAmortization": "None", "incomeBeforeTax": "405000000", "incomeTaxExpense": "130000000", "interestAndDebtExpense": "None", "netIncomeFromContinuingOperations": "275000000", "comprehensiveIncomeNetOfTax": "None", "ebit": "405000000", "ebitda": "405000000", "netIncome": "54000000"}, {"fiscalDateEnding": "2010-06-30", "reportedCurrency": "USD", "grossProfit": "-78000000", "totalRevenue": "889000000", "costOfRevenue": "967000000", "costofGoodsAndServicesSold": "967000000", "operatingIncome": "-51000000", "sellingGeneralAndAdministrative": "0", "researchAndDevelopment": "0", "operatingExpenses": "-27000000", "investmentIncomeNet": "None", "netInterestIncome": "None", "interestIncome": "None", "interestExpense": "0", "nonInterestIncome": "None", "otherNonOperatingIncome": "None", "depreciation": "None", "depreciationAndAmortization": "None", "incomeBeforeTax": "-51000000", "incomeTaxExpense": "-20000000", "interestAndDebtExpense": "None", "netIncomeFromContinuingOperations": "-31000000", "comprehensiveIncomeNetOfTax": "None", "ebit": "-51000000", "ebitda": "-51000000", "netIncome": "49000000"}, {"fiscalDateEnding": "2010-03-31", "reportedCurrency": "USD", "grossProfit": "225000000", "totalRevenue": "1213000000", "costOfRevenue": "988000000", "costofGoodsAndServicesSold": "988000000", "operatingIncome": "228000000", "sellingGeneralAndAdministrative": "0", "researchAndDevelopment": "0", "operatingExpenses": "-3000000", "investmentIncomeNet": "None", "netInterestIncome": "None", "interestIncome": "None", "interestExpense": "0", "nonInterestIncome": "None", "otherNonOperatingIncome": "None", "depreciation": "None", "depreciationAndAmortization": "3000000", "incomeBeforeTax": "228000000", "incomeTaxExpense": "66000000", "interestAndDebtExpense": "None", "netIncomeFromContinuingOperations": "0", "comprehensiveIncomeNetOfTax": "None", "ebit": "228000000", "ebitda": "231000000", "netIncome": "47000000"}, {"fiscalDateEnding": "2009-12-31", "reportedCurrency": "USD", "grossProfit": "52463000", "totalRevenue": "286070000", "costOfRevenue": "233607000", "costofGoodsAndServicesSold": "233607000", "operatingIncome": "39936000", "sellingGeneralAndAdministrative": "187020000", "researchAndDevelopment": "0", "operatingExpenses": "12527000", "investmentIncomeNet": "None", "netInterestIncome": "None", "interestIncome": "None", "interestExpense": "0", "nonInterestIncome": "None", "otherNonOperatingIncome": "None", "depreciation": "None", "depreciationAndAmortization": "87977000", "incomeBeforeTax": "39936000", "incomeTaxExpense": "14869000", "interestAndDebtExpense": "None", "netIncomeFromContinuingOperations": "0", "comprehensiveIncomeNetOfTax": "None", "ebit": "-48167000", "ebitda": "39936000", "netIncome": "24941000"}, {"fiscalDateEnding": "2009-09-30", "reportedCurrency": "USD", "grossProfit": "190588000", "totalRevenue": "1323000000", "costOfRevenue": "1132412000", "costofGoodsAndServicesSold": "1132412000", "operatingIncome": "356000000", "sellingGeneralAndAdministrative": "202412000", "researchAndDevelopment": "0", "operatingExpenses": "-165412000", "investmentIncomeNet": "None", "netInterestIncome": "None", "interestIncome": "None", "interestExpense": "0", "nonInterestIncome": "None", "otherNonOperatingIncome": "None", "depreciation": "None", "depreciationAndAmortization": "7959000", "incomeBeforeTax": "356000000", "incomeTaxExpense": "104000000", "interestAndDebtExpense": "None", "netIncomeFromContinuingOperations": "0", "comprehensiveIncomeNetOfTax": "None", "ebit": "48167000", "ebitda": "48167000", "netIncome": "40000000"}, {"fiscalDateEnding": "2009-06-30", "reportedCurrency": "USD", "grossProfit": "187391000", "totalRevenue": "1275000000", "costOfRevenue": "1087609000", "costofGoodsAndServicesSold": "1087609000", "operatingIncome": "258000000", "sellingGeneralAndAdministrative": "196609000", "researchAndDevelopment": "0", "operatingExpenses": "-70609000", "investmentIncomeNet": "None", "netInterestIncome": "None", "interestIncome": "None", "interestExpense": "0", "nonInterestIncome": "None", "otherNonOperatingIncome": "None", "depreciation": "None", "depreciationAndAmortization": "None", "incomeBeforeTax": "258000000", "incomeTaxExpense": "-13000000", "interestAndDebtExpense": "None", "netIncomeFromContinuingOperations": "0", "comprehensiveIncomeNetOfTax": "None", "ebit": "45725000", "ebitda": "258000000", "netIncome": "33000000"}, {"fiscalDateEnding": "2009-03-31", "reportedCurrency": "USD", "grossProfit": "-361627000", "totalRevenue": "856000000", "costOfRevenue": "1217627000", "costofGoodsAndServicesSold": "1217627000", "operatingIncome": "-340000000", "sellingGeneralAndAdministrative": "182627000", "researchAndDevelopment": "0", "operatingExpenses": "-21627000", "investmentIncomeNet": "None", "netInterestIncome": "None", "interestIncome": "None", "interestExpense": "0", "nonInterestIncome": "None", "otherNonOperatingIncome": "None", "depreciation": "None", "depreciationAndAmortization": "-11000000", "incomeBeforeTax": "-340000000", "incomeTaxExpense": "-89000000", "interestAndDebtExpense": "None", "netIncomeFromContinuingOperations": "0", "comprehensiveIncomeNetOfTax": "None", "ebit": "-340000000", "ebitda": "-351000000", "netIncome": "11000000"}, {"fiscalDateEnding": "2008-12-31", "reportedCurrency": "USD", "grossProfit": "11019000", "totalRevenue": "243302000", "costOfRevenue": "232283000", "costofGoodsAndServicesSold": "232283000", "operatingIncome": "-3581000", "sellingGeneralAndAdministrative": "187258000", "researchAndDevelopment": "0", "operatingExpenses": "14600000", "investmentIncomeNet": "None", "netInterestIncome": "None", "interestIncome": "None", "interestExpense": "0", "nonInterestIncome": "None", "otherNonOperatingIncome": "None", "depreciation": "None", "depreciationAndAmortization": "8252000", "incomeBeforeTax": "-3581000", "incomeTaxExpense": "-685000", "interestAndDebtExpense": "None", "netIncomeFromContinuingOperations": "0", "comprehensiveIncomeNetOfTax": "None", "ebit": "-3581000", "ebitda": "4671000", "netIncome": "-6302000"}, {"fiscalDateEnding": "2008-09-30", "reportedCurrency": "USD", "grossProfit": "18586000", "totalRevenue": "263379000", "costOfRevenue": "244793000", "costofGoodsAndServicesSold": "244793000", "operatingIncome": "19643000", "sellingGeneralAndAdministrative": "195297000", "researchAndDevelopment": "0", "operatingExpenses": "-1057000", "investmentIncomeNet": "None", "netInterestIncome": "None", "interestIncome": "None", "interestExpense": "0", "nonInterestIncome": "None", "otherNonOperatingIncome": "None", "depreciation": "None", "depreciationAndAmortization": "9292000", "incomeBeforeTax": "19643000", "incomeTaxExpense": "6011000", "interestAndDebtExpense": "None", "netIncomeFromContinuingOperations": "0", "comprehensiveIncomeNetOfTax": "None", "ebit": "19643000", "ebitda": "28935000", "netIncome": "4248000"}, {"fiscalDateEnding": "2008-06-30", "reportedCurrency": "USD", "grossProfit": "50888000", "totalRevenue": "298330000", "costOfRevenue": "247442000", "costofGoodsAndServicesSold": "247442000", "operatingIncome": "62163000", "sellingGeneralAndAdministrative": "201338000", "researchAndDevelopment": "0", "operatingExpenses": "-11275000", "investmentIncomeNet": "None", "netInterestIncome": "None", "interestIncome": "None", "interestExpense": "0", "nonInterestIncome": "None", "otherNonOperatingIncome": "None", "depreciation": "None", "depreciationAndAmortization": "None", "incomeBeforeTax": "62163000", "incomeTaxExpense": "20288000", "interestAndDebtExpense": "None", "netIncomeFromContinuingOperations": "0", "comprehensiveIncomeNetOfTax": "None", "ebit": "62163000", "ebitda": "62163000", "netIncome": "41315000"}, {"fiscalDateEnding": "2008-03-31", "reportedCurrency": "USD", "grossProfit": "36503000", "totalRevenue": "263381000", "costOfRevenue": "226878000", "costofGoodsAndServicesSold": "226878000", "operatingIncome": "44481000", "sellingGeneralAndAdministrative": "181119000", "researchAndDevelopment": "0", "operatingExpenses": "-7978000", "investmentIncomeNet": "None", "netInterestIncome": "None", "interestIncome": "None", "interestExpense": "0", "nonInterestIncome": "None", "otherNonOperatingIncome": "None", "depreciation": "None", "depreciationAndAmortization": "None", "incomeBeforeTax": "44481000", "incomeTaxExpense": "14251000", "interestAndDebtExpense": "None", "netIncomeFromContinuingOperations": "0", "comprehensiveIncomeNetOfTax": "None", "ebit": "44481000", "ebitda": "44481000", "netIncome": "29977000"}, {"fiscalDateEnding": "2007-12-31", "reportedCurrency": "USD", "grossProfit": "39308000", "totalRevenue": "263426000", "costOfRevenue": "224118000", "costofGoodsAndServicesSold": "224118000", "operatingIncome": "52131000", "sellingGeneralAndAdministrative": "0", "researchAndDevelopment": "0", "operatingExpenses": "-12823000", "investmentIncomeNet": "None", "netInterestIncome": "None", "interestIncome": "None", "interestExpense": "0", "nonInterestIncome": "None", "otherNonOperatingIncome": "None", "depreciation": "None", "depreciationAndAmortization": "7421000", "incomeBeforeTax": "52131000", "incomeTaxExpense": "19370000", "interestAndDebtExpense": "None", "netIncomeFromContinuingOperations": "0", "comprehensiveIncomeNetOfTax": "None", "ebit": "52131000", "ebitda": "59552000", "netIncome": "32601000"}, {"fiscalDateEnding": "2007-09-30", "reportedCurrency": "USD", "grossProfit": "62353000", "totalRevenue": "307122000", "costOfRevenue": "244769000", "costofGoodsAndServicesSold": "244769000", "operatingIncome": "76522000", "sellingGeneralAndAdministrative": "200913000", "researchAndDevelopment": "0", "operatingExpenses": "-14169000", "investmentIncomeNet": "None", "netInterestIncome": "None", "interestIncome": "None", "interestExpense": "0", "nonInterestIncome": "None", "otherNonOperatingIncome": "None", "depreciation": "None", "depreciationAndAmortization": "5057000", "incomeBeforeTax": "76522000", "incomeTaxExpense": "23669000", "interestAndDebtExpense": "None", "netIncomeFromContinuingOperations": "0", "comprehensiveIncomeNetOfTax": "None", "ebit": "76522000", "ebitda": "81579000", "netIncome": "53496000"}, {"fiscalDateEnding": "2007-06-30", "reportedCurrency": "USD", "grossProfit": "80652000", "totalRevenue": "318105000", "costOfRevenue": "237453000", "costofGoodsAndServicesSold": "237453000", "operatingIncome": "100832000", "sellingGeneralAndAdministrative": "195969000", "researchAndDevelopment": "0", "operatingExpenses": "-20180000", "investmentIncomeNet": "None", "netInterestIncome": "None", "interestIncome": "None", "interestExpense": "0", "nonInterestIncome": "None", "otherNonOperatingIncome": "None", "depreciation": "None", "depreciationAndAmortization": "9980000", "incomeBeforeTax": "100832000", "incomeTaxExpense": "31505000", "interestAndDebtExpense": "None", "netIncomeFromContinuingOperations": "0", "comprehensiveIncomeNetOfTax": "None", "ebit": "64292000", "ebitda": "74272000", "netIncome": "70486000"}, {"fiscalDateEnding": "2007-03-31", "reportedCurrency": "USD", "grossProfit": "67165000", "totalRevenue": "291280000", "costOfRevenue": "224115000", "costofGoodsAndServicesSold": "224115000", "operatingIncome": "79683000", "sellingGeneralAndAdministrative": "179886000", "researchAndDevelopment": "0", "operatingExpenses": "-12518000", "investmentIncomeNet": "None", "netInterestIncome": "None", "interestIncome": "None", "interestExpense": "0", "nonInterestIncome": "None", "otherNonOperatingIncome": "None", "depreciation": "None", "depreciationAndAmortization": "8447000", "incomeBeforeTax": "79683000", "incomeTaxExpense": "24592000", "interestAndDebtExpense": "None", "netIncomeFromContinuingOperations": "0", "comprehensiveIncomeNetOfTax": "None", "ebit": "79683000", "ebitda": "88130000", "netIncome": "56361000"}, {"fiscalDateEnding": "2006-12-31", "reportedCurrency": "USD", "grossProfit": "47632000", "totalRevenue": "279041000", "costOfRevenue": "231409000", "costofGoodsAndServicesSold": "231409000", "operatingIncome": "60349000", "sellingGeneralAndAdministrative": "0", "researchAndDevelopment": "0", "operatingExpenses": "-12717000", "investmentIncomeNet": "None", "netInterestIncome": "None", "interestIncome": "None", "interestExpense": "0", "nonInterestIncome": "None", "otherNonOperatingIncome": "None", "depreciation": "None", "depreciationAndAmortization": "7019000", "incomeBeforeTax": "60349000", "incomeTaxExpense": "16542000", "interestAndDebtExpense": "None", "netIncomeFromContinuingOperations": "0", "comprehensiveIncomeNetOfTax": "None", "ebit": "130495000", "ebitda": "137514000", "netIncome": "45519000"}, {"fiscalDateEnding": "2006-09-30", "reportedCurrency": "USD", "grossProfit": "68724000", "totalRevenue": "303158000", "costOfRevenue": "234434000", "costofGoodsAndServicesSold": "234434000", "operatingIncome": "79572000", "sellingGeneralAndAdministrative": "0", "researchAndDevelopment": "0", "operatingExpenses": "-10848000", "investmentIncomeNet": "None", "netInterestIncome": "None", "interestIncome": "None", "interestExpense": "0", "nonInterestIncome": "None", "otherNonOperatingIncome": "None", "depreciation": "None", "depreciationAndAmortization": "9679000", "incomeBeforeTax": "79572000", "incomeTaxExpense": "27421000", "interestAndDebtExpense": "None", "netIncomeFromContinuingOperations": "0", "comprehensiveIncomeNetOfTax": "None", "ebit": "79572000", "ebitda": "89251000", "netIncome": "52785000"}, {"fiscalDateEnding": "2006-06-30", "reportedCurrency": "USD", "grossProfit": "70882000", "totalRevenue": "311535000", "costOfRevenue": "240653000", "costofGoodsAndServicesSold": "240653000", "operatingIncome": "84940000", "sellingGeneralAndAdministrative": "0", "researchAndDevelopment": "0", "operatingExpenses": "-14058000", "investmentIncomeNet": "None", "netInterestIncome": "None", "interestIncome": "None", "interestExpense": "0", "nonInterestIncome": "None", "otherNonOperatingIncome": "None", "depreciation": "None", "depreciationAndAmortization": "9618000", "incomeBeforeTax": "84940000", "incomeTaxExpense": "30015000", "interestAndDebtExpense": "None", "netIncomeFromContinuingOperations": "0", "comprehensiveIncomeNetOfTax": "None", "ebit": "84940000", "ebitda": "94558000", "netIncome": "56255000"}, {"fiscalDateEnding": "2006-03-31", "reportedCurrency": "USD", "grossProfit": "69796000", "totalRevenue": "297504000", "costOfRevenue": "227708000", "costofGoodsAndServicesSold": "227708000", "operatingIncome": "73938000", "sellingGeneralAndAdministrative": "0", "researchAndDevelopment": "0", "operatingExpenses": "-4142000", "investmentIncomeNet": "None", "netInterestIncome": "None", "interestIncome": "None", "interestExpense": "0", "nonInterestIncome": "None", "otherNonOperatingIncome": "None", "depreciation": "None", "depreciationAndAmortization": "9735000", "incomeBeforeTax": "73938000", "incomeTaxExpense": "25077000", "interestAndDebtExpense": "None", "netIncomeFromContinuingOperations": "0", "comprehensiveIncomeNetOfTax": "None", "ebit": "73938000", "ebitda": "83673000", "netIncome": "49466000"}, {"fiscalDateEnding": "2005-12-31", "reportedCurrency": "USD", "grossProfit": "55664000", "totalRevenue": "276874000", "costOfRevenue": "221210000", "costofGoodsAndServicesSold": "221210000", "operatingIncome": "62938000", "sellingGeneralAndAdministrative": "0", "researchAndDevelopment": "0", "operatingExpenses": "-7274000", "investmentIncomeNet": "None", "netInterestIncome": "None", "interestIncome": "None", "interestExpense": "0", "nonInterestIncome": "None", "otherNonOperatingIncome": "None", "depreciation": "None", "depreciationAndAmortization": "6979000", "incomeBeforeTax": "62938000", "incomeTaxExpense": "19492000", "interestAndDebtExpense": "None", "netIncomeFromContinuingOperations": "0", "comprehensiveIncomeNetOfTax": "None", "ebit": "40104000", "ebitda": "47083000", "netIncome": "44160000"}, {"fiscalDateEnding": "2005-09-30", "reportedCurrency": "USD", "grossProfit": "70383000", "totalRevenue": "304071000", "costOfRevenue": "233688000", "costofGoodsAndServicesSold": "233688000", "operatingIncome": "78415000", "sellingGeneralAndAdministrative": "0", "researchAndDevelopment": "0", "operatingExpenses": "-8032000", "investmentIncomeNet": "None", "netInterestIncome": "None", "interestIncome": "None", "interestExpense": "0", "nonInterestIncome": "None", "otherNonOperatingIncome": "None", "depreciation": "None", "depreciationAndAmortization": "10024000", "incomeBeforeTax": "78415000", "incomeTaxExpense": "25930000", "interestAndDebtExpense": "None", "netIncomeFromContinuingOperations": "0", "comprehensiveIncomeNetOfTax": "None", "ebit": "78415000", "ebitda": "88439000", "netIncome": "53005000"}]}