{"symbol": "ALTI", "annualReports": [{"fiscalDateEnding": "2024-12-31", "reportedCurrency": "USD", "grossProfit": "37046000", "totalRevenue": "206935000", "costOfRevenue": "169889000", "costofGoodsAndServicesSold": "169889000", "operatingIncome": "-86849000", "sellingGeneralAndAdministrative": "100508000", "researchAndDevelopment": "None", "operatingExpenses": "123895000", "investmentIncomeNet": "None", "netInterestIncome": "-16784000", "interestIncome": "5362000", "interestExpense": "22146000", "nonInterestIncome": "None", "otherNonOperatingIncome": "None", "depreciation": "None", "depreciationAndAmortization": "14552000", "incomeBeforeTax": "-195438000", "incomeTaxExpense": "-21133000", "interestAndDebtExpense": "None", "netIncomeFromContinuingOperations": "-174305000", "comprehensiveIncomeNetOfTax": "None", "ebit": "-173292000", "ebitda": "-158740000", "netIncome": "-103034000"}, {"fiscalDateEnding": "2023-12-31", "reportedCurrency": "GBP", "grossProfit": "38662000", "totalRevenue": "246917000", "costOfRevenue": "208255000", "costofGoodsAndServicesSold": "208255000", "operatingIncome": "-99249000", "sellingGeneralAndAdministrative": "112741000", "researchAndDevelopment": "None", "operatingExpenses": "137911000", "investmentIncomeNet": "None", "netInterestIncome": "-14501000", "interestIncome": "0", "interestExpense": "14501000", "nonInterestIncome": "None", "otherNonOperatingIncome": "None", "depreciation": "None", "depreciationAndAmortization": "17039000", "incomeBeforeTax": "-321749000", "incomeTaxExpense": "-10534000", "interestAndDebtExpense": "None", "netIncomeFromContinuingOperations": "-305803000", "comprehensiveIncomeNetOfTax": "None", "ebit": "-307248000", "ebitda": "-290209000", "netIncome": "-165584000"}, {"fiscalDateEnding": "2022-12-31", "reportedCurrency": "GBP", "grossProfit": "25638000", "totalRevenue": "76872000", "costOfRevenue": "51234000", "costofGoodsAndServicesSold": "51234000", "operatingIncome": "-1318000", "sellingGeneralAndAdministrative": "21723000", "researchAndDevelopment": "None", "operatingExpenses": "26956000", "investmentIncomeNet": "None", "netInterestIncome": "4942754", "interestIncome": "4974899", "interestExpense": "427000", "nonInterestIncome": "None", "otherNonOperatingIncome": "17637665", "depreciation": "None", "depreciationAndAmortization": "2339000", "incomeBeforeTax": "-5471000", "incomeTaxExpense": "527000", "interestAndDebtExpense": "None", "netIncomeFromContinuingOperations": "8779014", "comprehensiveIncomeNetOfTax": "None", "ebit": "-5044000", "ebitda": "-2705000", "netIncome": "-5885000"}, {"fiscalDateEnding": "2021-12-31", "reportedCurrency": "GBP", "grossProfit": "28290000", "totalRevenue": "75703000", "costOfRevenue": "47413000", "costofGoodsAndServicesSold": "47413000", "operatingIncome": "7768000", "sellingGeneralAndAdministrative": "16974000", "researchAndDevelopment": "None", "operatingExpenses": "20522000", "investmentIncomeNet": "None", "netInterestIncome": "-1607400", "interestIncome": "204070", "interestExpense": "397000", "nonInterestIncome": "None", "otherNonOperatingIncome": "None", "depreciation": "None", "depreciationAndAmortization": "2051000", "incomeBeforeTax": "4306000", "incomeTaxExpense": "515000", "interestAndDebtExpense": "None", "netIncomeFromContinuingOperations": "1947874", "comprehensiveIncomeNetOfTax": "None", "ebit": "4703000", "ebitda": "6754000", "netIncome": "3939000"}, {"fiscalDateEnding": "2020-12-31", "reportedCurrency": "GBP", "grossProfit": "16668195", "totalRevenue": "71225383", "costOfRevenue": "54557188", "costofGoodsAndServicesSold": "54557188", "operatingIncome": "-7220079.86", "sellingGeneralAndAdministrative": "17211766", "researchAndDevelopment": "None", "operatingExpenses": "23888275", "investmentIncomeNet": "None", "netInterestIncome": "-480504", "interestIncome": "249084", "interestExpense": "994300", "nonInterestIncome": "None", "otherNonOperatingIncome": "None", "depreciation": "None", "depreciationAndAmortization": "8667592", "incomeBeforeTax": "-5032031.84", "incomeTaxExpense": "-429511.97", "interestAndDebtExpense": "None", "netIncomeFromContinuingOperations": "-3377191", "comprehensiveIncomeNetOfTax": "None", "ebit": "-4037732", "ebitda": "4629860", "netIncome": "-6603430.23"}, {"fiscalDateEnding": "2019-12-31", "reportedCurrency": "GBP", "grossProfit": "17970583", "totalRevenue": "61716716", "costOfRevenue": "43746132", "costofGoodsAndServicesSold": "43746132", "operatingIncome": "-5300966.33", "sellingGeneralAndAdministrative": "16661889", "researchAndDevelopment": "None", "operatingExpenses": "23271550", "investmentIncomeNet": "None", "netInterestIncome": "-671212", "interestIncome": "142245", "interestExpense": "1066577", "nonInterestIncome": "None", "otherNonOperatingIncome": "None", "depreciation": "None", "depreciationAndAmortization": "7368829", "incomeBeforeTax": "-4224668.28", "incomeTaxExpense": "670037", "interestAndDebtExpense": "None", "netIncomeFromContinuingOperations": "-3733094", "comprehensiveIncomeNetOfTax": "None", "ebit": "-3158091", "ebitda": "4210738", "netIncome": "-6154549.75"}], "quarterlyReports": [{"fiscalDateEnding": "2025-09-30", "reportedCurrency": "USD", "grossProfit": "15788000", "totalRevenue": "57238000", "costOfRevenue": "41450000", "costofGoodsAndServicesSold": "41450000", "operatingIncome": "-28497000", "sellingGeneralAndAdministrative": "37757000", "researchAndDevelopment": "None", "operatingExpenses": "44285000", "investmentIncomeNet": "None", "netInterestIncome": "190000", "interestIncome": "316000", "interestExpense": "126000", "nonInterestIncome": "None", "otherNonOperatingIncome": "None", "depreciation": "None", "depreciationAndAmortization": "4714000", "incomeBeforeTax": "-56923000", "incomeTaxExpense": "30086000", "interestAndDebtExpense": "None", "netIncomeFromContinuingOperations": "-87009000", "comprehensiveIncomeNetOfTax": "None", "ebit": "-56797000", "ebitda": "-52083000", "netIncome": "-84135000"}, {"fiscalDateEnding": "2025-06-30", "reportedCurrency": "USD", "grossProfit": "8526000", "totalRevenue": "53127000", "costOfRevenue": "44601000", "costofGoodsAndServicesSold": "44601000", "operatingIncome": "-30147000", "sellingGeneralAndAdministrative": "31918000", "researchAndDevelopment": "None", "operatingExpenses": "38673000", "investmentIncomeNet": "None", "netInterestIncome": "303000", "interestIncome": "305000", "interestExpense": "2000", "nonInterestIncome": "None", "otherNonOperatingIncome": "None", "depreciation": "None", "depreciationAndAmortization": "4619000", "incomeBeforeTax": "-34752000", "incomeTaxExpense": "-4709000", "interestAndDebtExpense": "None", "netIncomeFromContinuingOperations": "-30043000", "comprehensiveIncomeNetOfTax": "None", "ebit": "-34750000", "ebitda": "-30131000", "netIncome": "-24362000"}, {"fiscalDateEnding": "2025-03-31", "reportedCurrency": "USD", "grossProfit": "15689000", "totalRevenue": "57963000", "costOfRevenue": "42274000", "costofGoodsAndServicesSold": "42274000", "operatingIncome": "-13489000", "sellingGeneralAndAdministrative": "23226000", "researchAndDevelopment": "None", "operatingExpenses": "29178000", "investmentIncomeNet": "None", "netInterestIncome": "366000", "interestIncome": "517000", "interestExpense": "151000", "nonInterestIncome": "None", "otherNonOperatingIncome": "None", "depreciation": "None", "depreciationAndAmortization": "4349000", "incomeBeforeTax": "-4494000", "incomeTaxExpense": "-1612000", "interestAndDebtExpense": "None", "netIncomeFromContinuingOperations": "-2882000", "comprehensiveIncomeNetOfTax": "None", "ebit": "-4343000", "ebitda": "6000", "netIncome": "1910000"}, {"fiscalDateEnding": "2024-12-31", "reportedCurrency": "USD", "grossProfit": "2358000", "totalRevenue": "53327000", "costOfRevenue": "50969000", "costofGoodsAndServicesSold": "50969000", "operatingIncome": "-41213000", "sellingGeneralAndAdministrative": "37824000", "researchAndDevelopment": "None", "operatingExpenses": "43571000", "investmentIncomeNet": "None", "netInterestIncome": "-5407000", "interestIncome": "1854000", "interestExpense": "7261000", "nonInterestIncome": "None", "otherNonOperatingIncome": "None", "depreciation": "None", "depreciationAndAmortization": "3551000", "incomeBeforeTax": "-86943000", "incomeTaxExpense": "-11257000", "interestAndDebtExpense": "None", "netIncomeFromContinuingOperations": "-75686000", "comprehensiveIncomeNetOfTax": "None", "ebit": "-79682000", "ebitda": "-76131000", "netIncome": "-57751000"}, {"fiscalDateEnding": "2024-09-30", "reportedCurrency": "GBP", "grossProfit": "13667000", "totalRevenue": "51809000", "costOfRevenue": "38142000", "costofGoodsAndServicesSold": "38142000", "operatingIncome": "-9513000", "sellingGeneralAndAdministrative": "16879000", "researchAndDevelopment": "None", "operatingExpenses": "23180000", "investmentIncomeNet": "None", "netInterestIncome": "-2509000", "interestIncome": "2685000", "interestExpense": "5194000", "nonInterestIncome": "None", "otherNonOperatingIncome": "None", "depreciation": "None", "depreciationAndAmortization": "4588000", "incomeBeforeTax": "-76888000", "incomeTaxExpense": "-9484000", "interestAndDebtExpense": "None", "netIncomeFromContinuingOperations": "-111405000", "comprehensiveIncomeNetOfTax": "None", "ebit": "-71700000", "ebitda": "-67112000", "netIncome": "-72542000"}, {"fiscalDateEnding": "2024-06-30", "reportedCurrency": "GBP", "grossProfit": "10560000", "totalRevenue": "49453000", "costOfRevenue": "38893000", "costofGoodsAndServicesSold": "38893000", "operatingIncome": "-14955000", "sellingGeneralAndAdministrative": "19174000", "researchAndDevelopment": "None", "operatingExpenses": "25515000", "investmentIncomeNet": "None", "netInterestIncome": "-4288000", "interestIncome": "563000", "interestExpense": "4851000", "nonInterestIncome": "None", "otherNonOperatingIncome": "None", "depreciation": "None", "depreciationAndAmortization": "3813000", "incomeBeforeTax": "-10124000", "incomeTaxExpense": "-756000", "interestAndDebtExpense": "None", "netIncomeFromContinuingOperations": "-8959000", "comprehensiveIncomeNetOfTax": "None", "ebit": "-5273000", "ebitda": "-1460000", "netIncome": "-6403000"}, {"fiscalDateEnding": "2024-03-31", "reportedCurrency": "GBP", "grossProfit": "11255000", "totalRevenue": "50812000", "costOfRevenue": "39557000", "costofGoodsAndServicesSold": "39557000", "operatingIncome": "-14668000", "sellingGeneralAndAdministrative": "21180000", "researchAndDevelopment": "None", "operatingExpenses": "25923000", "investmentIncomeNet": "None", "netInterestIncome": "-4580000", "interestIncome": "260000", "interestExpense": "4840000", "nonInterestIncome": "None", "otherNonOperatingIncome": "None", "depreciation": "None", "depreciationAndAmortization": "2567000", "incomeBeforeTax": "22448000", "incomeTaxExpense": "363000", "interestAndDebtExpense": "None", "netIncomeFromContinuingOperations": "21745000", "comprehensiveIncomeNetOfTax": "None", "ebit": "27288000", "ebitda": "29855000", "netIncome": "29689000"}, {"fiscalDateEnding": "2023-12-31", "reportedCurrency": "GBP", "grossProfit": "22049000", "totalRevenue": "91708000", "costOfRevenue": "69659000", "costofGoodsAndServicesSold": "69659000", "operatingIncome": "-15279000", "sellingGeneralAndAdministrative": "30092000", "researchAndDevelopment": "None", "operatingExpenses": "37328000", "investmentIncomeNet": "None", "netInterestIncome": "-4201000", "interestIncome": "None", "interestExpense": "4201000", "nonInterestIncome": "None", "otherNonOperatingIncome": "None", "depreciation": "None", "depreciationAndAmortization": "5191000", "incomeBeforeTax": "-71841000", "incomeTaxExpense": "2044000", "interestAndDebtExpense": "None", "netIncomeFromContinuingOperations": "-73885000", "comprehensiveIncomeNetOfTax": "None", "ebit": "-67640000", "ebitda": "-62449000", "netIncome": "-48587000"}, {"fiscalDateEnding": "2023-09-30", "reportedCurrency": "GBP", "grossProfit": "8177000", "totalRevenue": "48186000", "costOfRevenue": "40009000", "costofGoodsAndServicesSold": "40009000", "operatingIncome": "-25069000", "sellingGeneralAndAdministrative": "27830000", "researchAndDevelopment": "None", "operatingExpenses": "33246000", "investmentIncomeNet": "None", "netInterestIncome": "-3668000", "interestIncome": "0", "interestExpense": "3668000", "nonInterestIncome": "None", "otherNonOperatingIncome": "None", "depreciation": "None", "depreciationAndAmortization": "3676000", "incomeBeforeTax": "-174550000", "incomeTaxExpense": "-1782000", "interestAndDebtExpense": "None", "netIncomeFromContinuingOperations": "-171074000", "comprehensiveIncomeNetOfTax": "None", "ebit": "-170882000", "ebitda": "-167206000", "netIncome": "-89671000"}, {"fiscalDateEnding": "2023-06-30", "reportedCurrency": "GBP", "grossProfit": "17333000", "totalRevenue": "51285000", "costOfRevenue": "33952000", "costofGoodsAndServicesSold": "33952000", "operatingIncome": "-13059000", "sellingGeneralAndAdministrative": "24863000", "researchAndDevelopment": "None", "operatingExpenses": "30392000", "investmentIncomeNet": "None", "netInterestIncome": "-3371000", "interestIncome": "0", "interestExpense": "3371000", "nonInterestIncome": "None", "otherNonOperatingIncome": "-9155000", "depreciation": "None", "depreciationAndAmortization": "3655000", "incomeBeforeTax": "12684000", "incomeTaxExpense": "-15446000", "interestAndDebtExpense": "None", "netIncomeFromContinuingOperations": "40127000", "comprehensiveIncomeNetOfTax": "None", "ebit": "16055000", "ebitda": "19710000", "netIncome": "42740000"}, {"fiscalDateEnding": "2023-03-31", "reportedCurrency": "GBP", "grossProfit": "-6334848.50", "totalRevenue": "71750039", "costOfRevenue": "78084887", "costofGoodsAndServicesSold": "78084887", "operatingIncome": "-53692321", "sellingGeneralAndAdministrative": "38718594", "researchAndDevelopment": "None", "operatingExpenses": "47357473", "investmentIncomeNet": "None", "netInterestIncome": "-3261000", "interestIncome": "0", "interestExpense": "3261000", "nonInterestIncome": "None", "otherNonOperatingIncome": "-1187733", "depreciation": "None", "depreciationAndAmortization": "5583319", "incomeBeforeTax": "-105856863", "incomeTaxExpense": "5747716.20", "interestAndDebtExpense": "None", "netIncomeFromContinuingOperations": "-9098181", "comprehensiveIncomeNetOfTax": "None", "ebit": "-101826045", "ebitda": "-96242726", "netIncome": "-84967314"}, {"fiscalDateEnding": "2022-12-31", "reportedCurrency": "GBP", "grossProfit": "-24927377", "totalRevenue": "17627961", "costOfRevenue": "42555338", "costofGoodsAndServicesSold": "42555338", "operatingIncome": "-24927377", "sellingGeneralAndAdministrative": "7844359", "researchAndDevelopment": "None", "operatingExpenses": "7910448", "investmentIncomeNet": "None", "netInterestIncome": "8112867.90", "interestIncome": "4816029.09", "interestExpense": "3296838.81", "nonInterestIncome": "None", "otherNonOperatingIncome": "None", "depreciation": "None", "depreciationAndAmortization": "3118956", "incomeBeforeTax": "-9098181", "incomeTaxExpense": "-4116208", "interestAndDebtExpense": "None", "netIncomeFromContinuingOperations": "19998129.58", "comprehensiveIncomeNetOfTax": "None", "ebit": "-24927377", "ebitda": "-21808421", "netIncome": "-20811169"}, {"fiscalDateEnding": "2022-09-30", "reportedCurrency": "GBP", "grossProfit": "6535000", "totalRevenue": "18583000", "costOfRevenue": "12048000", "costofGoodsAndServicesSold": "12048000", "operatingIncome": "-378000", "sellingGeneralAndAdministrative": "5792000", "researchAndDevelopment": "None", "operatingExpenses": "6913000", "investmentIncomeNet": "None", "netInterestIncome": "-2584918", "interestIncome": "80926", "interestExpense": "131000", "nonInterestIncome": "None", "otherNonOperatingIncome": "None", "depreciation": "None", "depreciationAndAmortization": "583000", "incomeBeforeTax": "-614000", "incomeTaxExpense": "82000", "interestAndDebtExpense": "None", "netIncomeFromContinuingOperations": "-10912014", "comprehensiveIncomeNetOfTax": "None", "ebit": "-483000", "ebitda": "100000", "netIncome": "-674000"}, {"fiscalDateEnding": "2022-06-30", "reportedCurrency": "GBP", "grossProfit": "7031000", "totalRevenue": "18892000", "costOfRevenue": "11861000", "costofGoodsAndServicesSold": "11861000", "operatingIncome": "1079000", "sellingGeneralAndAdministrative": "4566000", "researchAndDevelopment": "None", "operatingExpenses": "5952000", "investmentIncomeNet": "None", "netInterestIncome": "-132975", "interestIncome": "31051", "interestExpense": "105000", "nonInterestIncome": "None", "otherNonOperatingIncome": "None", "depreciation": "None", "depreciationAndAmortization": "597000", "incomeBeforeTax": "1023000", "incomeTaxExpense": "110000", "interestAndDebtExpense": "None", "netIncomeFromContinuingOperations": "835291", "comprehensiveIncomeNetOfTax": "None", "ebit": "1128000", "ebitda": "1725000", "netIncome": "965000"}, {"fiscalDateEnding": "2022-03-31", "reportedCurrency": "GBP", "grossProfit": "6410000", "totalRevenue": "19970000", "costOfRevenue": "13560000", "costofGoodsAndServicesSold": "13560000", "operatingIncome": "1174000", "sellingGeneralAndAdministrative": "4141000", "researchAndDevelopment": "None", "operatingExpenses": "5236000", "investmentIncomeNet": "None", "netInterestIncome": "-120944", "interestIncome": "30291", "interestExpense": "74000", "nonInterestIncome": "None", "otherNonOperatingIncome": "None", "depreciation": "None", "depreciationAndAmortization": "610000", "incomeBeforeTax": "1079000", "incomeTaxExpense": "193000", "interestAndDebtExpense": "None", "netIncomeFromContinuingOperations": "30005", "comprehensiveIncomeNetOfTax": "None", "ebit": "1153000", "ebitda": "1763000", "netIncome": "899000"}, {"fiscalDateEnding": "2021-12-31", "reportedCurrency": "GBP", "grossProfit": "10020057", "totalRevenue": "34551322", "costOfRevenue": "24531264", "costofGoodsAndServicesSold": "24531264", "operatingIncome": "-5327766.05", "sellingGeneralAndAdministrative": "12746996", "researchAndDevelopment": "None", "operatingExpenses": "15347823", "investmentIncomeNet": "None", "netInterestIncome": "-315330", "interestIncome": "5085", "interestExpense": "442792", "nonInterestIncome": "None", "otherNonOperatingIncome": "None", "depreciation": "None", "depreciationAndAmortization": "2174670", "incomeBeforeTax": "-3395651.34", "incomeTaxExpense": "99391", "interestAndDebtExpense": "None", "netIncomeFromContinuingOperations": "-2613072", "comprehensiveIncomeNetOfTax": "None", "ebit": "-2952857.97", "ebitda": "-778187.97", "netIncome": "-3609343.06"}, {"fiscalDateEnding": "2021-09-30", "reportedCurrency": "GBP", "grossProfit": "10062511", "totalRevenue": "26212265", "costOfRevenue": "16149754", "costofGoodsAndServicesSold": "16149754", "operatingIncome": "2417447", "sellingGeneralAndAdministrative": "5880161", "researchAndDevelopment": "None", "operatingExpenses": "7645063", "investmentIncomeNet": "None", "netInterestIncome": "None", "interestIncome": "None", "interestExpense": "793804", "nonInterestIncome": "None", "otherNonOperatingIncome": "None", "depreciation": "None", "depreciationAndAmortization": "1916790", "incomeBeforeTax": "2834977", "incomeTaxExpense": "1309744", "interestAndDebtExpense": "None", "netIncomeFromContinuingOperations": "None", "comprehensiveIncomeNetOfTax": "None", "ebit": "3628782", "ebitda": "5545572", "netIncome": "1237821"}, {"fiscalDateEnding": "2021-06-30", "reportedCurrency": "GBP", "grossProfit": "8104611", "totalRevenue": "21314996", "costOfRevenue": "13210384", "costofGoodsAndServicesSold": "13210384", "operatingIncome": "1405816", "sellingGeneralAndAdministrative": "4677337", "researchAndDevelopment": "None", "operatingExpenses": "6698795", "investmentIncomeNet": "None", "netInterestIncome": "None", "interestIncome": "None", "interestExpense": "659351", "nonInterestIncome": "None", "otherNonOperatingIncome": "None", "depreciation": "None", "depreciationAndAmortization": "2223811", "incomeBeforeTax": "1882373", "incomeTaxExpense": "324864", "interestAndDebtExpense": "None", "netIncomeFromContinuingOperations": "None", "comprehensiveIncomeNetOfTax": "None", "ebit": "2541725", "ebitda": "4765536", "netIncome": "1268657"}, {"fiscalDateEnding": "2021-03-31", "reportedCurrency": "GBP", "grossProfit": "5214473", "totalRevenue": "19366199", "costOfRevenue": "14151725", "costofGoodsAndServicesSold": "14151725", "operatingIncome": "-399498.30", "sellingGeneralAndAdministrative": "3665352", "researchAndDevelopment": "None", "operatingExpenses": "5613971", "investmentIncomeNet": "None", "netInterestIncome": "None", "interestIncome": "None", "interestExpense": "548877", "nonInterestIncome": "None", "otherNonOperatingIncome": "None", "depreciation": "None", "depreciationAndAmortization": "2155096", "incomeBeforeTax": "583195", "incomeTaxExpense": "-2458027.85", "interestAndDebtExpense": "None", "netIncomeFromContinuingOperations": "None", "comprehensiveIncomeNetOfTax": "None", "ebit": "1132072", "ebitda": "3287168", "netIncome": "2622594"}, {"fiscalDateEnding": "2020-12-31", "reportedCurrency": "GBP", "grossProfit": "7548038", "totalRevenue": "29707692", "costOfRevenue": "22159654", "costofGoodsAndServicesSold": "22159654", "operatingIncome": "243482", "sellingGeneralAndAdministrative": "5716575", "researchAndDevelopment": "None", "operatingExpenses": "7304555", "investmentIncomeNet": "None", "netInterestIncome": "None", "interestIncome": "None", "interestExpense": "264213", "nonInterestIncome": "None", "otherNonOperatingIncome": "None", "depreciation": "None", "depreciationAndAmortization": "2540717", "incomeBeforeTax": "1198661", "incomeTaxExpense": "-1568242.07", "interestAndDebtExpense": "None", "netIncomeFromContinuingOperations": "None", "comprehensiveIncomeNetOfTax": "None", "ebit": "1462874", "ebitda": "4003591", "netIncome": "2123726"}]}