{"symbol": "ARAY", "annualReports": [{"fiscalDateEnding": "2025-06-30", "reportedCurrency": "USD", "grossProfit": "146967000", "totalRevenue": "458505000", "costOfRevenue": "311538000", "costofGoodsAndServicesSold": "311538000", "operatingIncome": "7839000", "sellingGeneralAndAdministrative": "47871000", "researchAndDevelopment": "47942000", "operatingExpenses": "139128000", "investmentIncomeNet": "None", "netInterestIncome": "-11762000", "interestIncome": "1192000", "interestExpense": "12954000", "nonInterestIncome": "None", "otherNonOperatingIncome": "None", "depreciation": "None", "depreciationAndAmortization": "6150000", "incomeBeforeTax": "1134000", "incomeTaxExpense": "2725000", "interestAndDebtExpense": "None", "netIncomeFromContinuingOperations": "-1591000", "comprehensiveIncomeNetOfTax": "None", "ebit": "14088000", "ebitda": "20238000", "netIncome": "-1591000"}, {"fiscalDateEnding": "2024-06-30", "reportedCurrency": "USD", "grossProfit": "142921000", "totalRevenue": "446551000", "costOfRevenue": "303630000", "costofGoodsAndServicesSold": "303630000", "operatingIncome": "504000", "sellingGeneralAndAdministrative": "50066000", "researchAndDevelopment": "49732000", "operatingExpenses": "142417000", "investmentIncomeNet": "None", "netInterestIncome": "-11624000", "interestIncome": "1231000", "interestExpense": "11624000", "nonInterestIncome": "None", "otherNonOperatingIncome": "None", "depreciation": "None", "depreciationAndAmortization": "5905000", "incomeBeforeTax": "-11820000", "incomeTaxExpense": "3725000", "interestAndDebtExpense": "None", "netIncomeFromContinuingOperations": "-15545000", "comprehensiveIncomeNetOfTax": "None", "ebit": "-196000", "ebitda": "5709000", "netIncome": "-15545000"}, {"fiscalDateEnding": "2023-06-30", "reportedCurrency": "USD", "grossProfit": "153960000", "totalRevenue": "447605000", "costOfRevenue": "293645000", "costofGoodsAndServicesSold": "293645000", "operatingIncome": "2382000", "sellingGeneralAndAdministrative": "48271000", "researchAndDevelopment": "57129000", "operatingExpenses": "151578000", "investmentIncomeNet": "None", "netInterestIncome": "-10632000", "interestIncome": "None", "interestExpense": "10632000", "nonInterestIncome": "None", "otherNonOperatingIncome": "None", "depreciation": "None", "depreciationAndAmortization": "4527000", "incomeBeforeTax": "-6788000", "incomeTaxExpense": "2492000", "interestAndDebtExpense": "None", "netIncomeFromContinuingOperations": "-9280000", "comprehensiveIncomeNetOfTax": "None", "ebit": "2382000", "ebitda": "6909000", "netIncome": "-9280000"}, {"fiscalDateEnding": "2022-06-30", "reportedCurrency": "USD", "grossProfit": "159955000", "totalRevenue": "429909000", "costOfRevenue": "269954000", "costofGoodsAndServicesSold": "269954000", "operatingIncome": "8148000", "sellingGeneralAndAdministrative": "44391000", "researchAndDevelopment": "57752000", "operatingExpenses": "151807000", "investmentIncomeNet": "None", "netInterestIncome": "-8129000", "interestIncome": "None", "interestExpense": "8129000", "nonInterestIncome": "None", "otherNonOperatingIncome": "-10150000", "depreciation": "None", "depreciationAndAmortization": "5513000", "incomeBeforeTax": "-2002000", "incomeTaxExpense": "3345000", "interestAndDebtExpense": "None", "netIncomeFromContinuingOperations": "-5347000", "comprehensiveIncomeNetOfTax": "None", "ebit": "6127000", "ebitda": "11640000", "netIncome": "-5347000"}, {"fiscalDateEnding": "2021-06-30", "reportedCurrency": "USD", "grossProfit": "159507000", "totalRevenue": "396289000", "costOfRevenue": "236782000", "costofGoodsAndServicesSold": "236782000", "operatingIncome": "22235000", "sellingGeneralAndAdministrative": "41723000", "researchAndDevelopment": "52729000", "operatingExpenses": "137272000", "investmentIncomeNet": "None", "netInterestIncome": "-16893000", "interestIncome": "None", "interestExpense": "16893000", "nonInterestIncome": "None", "otherNonOperatingIncome": "-26794000", "depreciation": "None", "depreciationAndAmortization": "6389000", "incomeBeforeTax": "-4559000", "incomeTaxExpense": "1752000", "interestAndDebtExpense": "None", "netIncomeFromContinuingOperations": "-6311000", "comprehensiveIncomeNetOfTax": "None", "ebit": "12334000", "ebitda": "18723000", "netIncome": "-6311000"}, {"fiscalDateEnding": "2020-06-30", "reportedCurrency": "USD", "grossProfit": "149721000", "totalRevenue": "382928000", "costOfRevenue": "233207000", "costofGoodsAndServicesSold": "233207000", "operatingIncome": "12539000", "sellingGeneralAndAdministrative": "40144000", "researchAndDevelopment": "49784000", "operatingExpenses": "137182000", "investmentIncomeNet": "None", "netInterestIncome": "-18080000", "interestIncome": "None", "interestExpense": "18080000", "nonInterestIncome": "None", "otherNonOperatingIncome": "-6849000", "depreciation": "None", "depreciationAndAmortization": "7541000", "incomeBeforeTax": "5690000", "incomeTaxExpense": "1863000", "interestAndDebtExpense": "None", "netIncomeFromContinuingOperations": "3827000", "comprehensiveIncomeNetOfTax": "None", "ebit": "23770000", "ebitda": "31311000", "netIncome": "3827000"}, {"fiscalDateEnding": "2019-06-30", "reportedCurrency": "USD", "grossProfit": "162651000", "totalRevenue": "418785000", "costOfRevenue": "256134000", "costofGoodsAndServicesSold": "256134000", "operatingIncome": "-9908000", "sellingGeneralAndAdministrative": "49577000", "researchAndDevelopment": "56493000", "operatingExpenses": "162068000", "investmentIncomeNet": "None", "netInterestIncome": "-15084000", "interestIncome": "15749000", "interestExpense": "15084000", "nonInterestIncome": "None", "otherNonOperatingIncome": "-14927000", "depreciation": "None", "depreciationAndAmortization": "10491000", "incomeBeforeTax": "-14344000", "incomeTaxExpense": "2086000", "interestAndDebtExpense": "None", "netIncomeFromContinuingOperations": "-16430000", "comprehensiveIncomeNetOfTax": "None", "ebit": "583000", "ebitda": "11074000", "netIncome": "-16430000"}, {"fiscalDateEnding": "2018-06-30", "reportedCurrency": "USD", "grossProfit": "161695000", "totalRevenue": "404897000", "costOfRevenue": "243202000", "costofGoodsAndServicesSold": "243202000", "operatingIncome": "-3797000", "sellingGeneralAndAdministrative": "48136000", "researchAndDevelopment": "57251000", "operatingExpenses": "165492000", "investmentIncomeNet": "None", "netInterestIncome": "-14959000", "interestIncome": "15945000", "interestExpense": "14959000", "nonInterestIncome": "None", "otherNonOperatingIncome": "-19224000", "depreciation": "None", "depreciationAndAmortization": "9732000", "incomeBeforeTax": "-23021000", "incomeTaxExpense": "878000", "interestAndDebtExpense": "None", "netIncomeFromContinuingOperations": "-23899000", "comprehensiveIncomeNetOfTax": "None", "ebit": "-3797000", "ebitda": "5935000", "netIncome": "-23899000"}, {"fiscalDateEnding": "2017-06-30", "reportedCurrency": "USD", "grossProfit": "141341000", "totalRevenue": "383414000", "costOfRevenue": "242073000", "costofGoodsAndServicesSold": "242073000", "operatingIncome": "-9823000", "sellingGeneralAndAdministrative": "43766000", "researchAndDevelopment": "49921000", "operatingExpenses": "151164000", "investmentIncomeNet": "None", "netInterestIncome": "-17302000", "interestIncome": "18569000", "interestExpense": "17302000", "nonInterestIncome": "None", "otherNonOperatingIncome": "-18718000", "depreciation": "None", "depreciationAndAmortization": "18043000", "incomeBeforeTax": "-28541000", "incomeTaxExpense": "1038000", "interestAndDebtExpense": "None", "netIncomeFromContinuingOperations": "-29579000", "comprehensiveIncomeNetOfTax": "None", "ebit": "-9823000", "ebitda": "8220000", "netIncome": "-29579000"}, {"fiscalDateEnding": "2016-06-30", "reportedCurrency": "USD", "grossProfit": "158713000", "totalRevenue": "398800000", "costOfRevenue": "240087000", "costofGoodsAndServicesSold": "240087000", "operatingIncome": "-4873000", "sellingGeneralAndAdministrative": "50122000", "researchAndDevelopment": "56652000", "operatingExpenses": "163586000", "investmentIncomeNet": "None", "netInterestIncome": "-17460000", "interestIncome": "18295000", "interestExpense": "17460000", "nonInterestIncome": "None", "otherNonOperatingIncome": "-18295000", "depreciation": "None", "depreciationAndAmortization": "18296000", "incomeBeforeTax": "-23168000", "incomeTaxExpense": "2336000", "interestAndDebtExpense": "None", "netIncomeFromContinuingOperations": "-25504000", "comprehensiveIncomeNetOfTax": "None", "ebit": "-4873000", "ebitda": "13423000", "netIncome": "-25504000"}, {"fiscalDateEnding": "2015-06-30", "reportedCurrency": "USD", "grossProfit": "145402000", "totalRevenue": "379801000", "costOfRevenue": "234399000", "costofGoodsAndServicesSold": "234399000", "operatingIncome": "-19169000", "sellingGeneralAndAdministrative": "46379000", "researchAndDevelopment": "55752000", "operatingExpenses": "164571000", "investmentIncomeNet": "None", "netInterestIncome": "None", "interestIncome": "18621000", "interestExpense": "16518000", "nonInterestIncome": "None", "otherNonOperatingIncome": "-18621000", "depreciation": "None", "depreciationAndAmortization": "19493000", "incomeBeforeTax": "-37790000", "incomeTaxExpense": "2419000", "interestAndDebtExpense": "None", "netIncomeFromContinuingOperations": "-40209000", "comprehensiveIncomeNetOfTax": "None", "ebit": "-19169000", "ebitda": "324000", "netIncome": "-40209000"}, {"fiscalDateEnding": "2014-06-30", "reportedCurrency": "USD", "grossProfit": "142800000", "totalRevenue": "369419000", "costOfRevenue": "226619000", "costofGoodsAndServicesSold": "226619000", "operatingIncome": "-18144000", "sellingGeneralAndAdministrative": "45335000", "researchAndDevelopment": "53724000", "operatingExpenses": "160944000", "investmentIncomeNet": "None", "netInterestIncome": "None", "interestIncome": "None", "interestExpense": "14287000", "nonInterestIncome": "None", "otherNonOperatingIncome": "-14216000", "depreciation": "None", "depreciationAndAmortization": "20564000", "incomeBeforeTax": "-32360000", "incomeTaxExpense": "3088000", "interestAndDebtExpense": "None", "netIncomeFromContinuingOperations": "-35448000", "comprehensiveIncomeNetOfTax": "None", "ebit": "-18144000", "ebitda": "2420000", "netIncome": "-35448000"}, {"fiscalDateEnding": "2013-06-30", "reportedCurrency": "USD", "grossProfit": "97640000", "totalRevenue": "315974000", "costOfRevenue": "218334000", "costofGoodsAndServicesSold": "218334000", "operatingIncome": "-80655000", "sellingGeneralAndAdministrative": "57726000", "researchAndDevelopment": "66197000", "operatingExpenses": "178295000", "investmentIncomeNet": "None", "netInterestIncome": "None", "interestIncome": "None", "interestExpense": "10378000", "nonInterestIncome": "None", "otherNonOperatingIncome": "-13133000", "depreciation": "None", "depreciationAndAmortization": "25564000", "incomeBeforeTax": "-93788000", "incomeTaxExpense": "3573000", "interestAndDebtExpense": "None", "netIncomeFromContinuingOperations": "-97361000", "comprehensiveIncomeNetOfTax": "None", "ebit": "-80655000", "ebitda": "-55091000", "netIncome": "-103219000"}, {"fiscalDateEnding": "2012-06-30", "reportedCurrency": "USD", "grossProfit": "137272000", "totalRevenue": "409223000", "costOfRevenue": "271951000", "costofGoodsAndServicesSold": "271951000", "operatingIncome": "-62987000", "sellingGeneralAndAdministrative": "58598000", "researchAndDevelopment": "87114000", "operatingExpenses": "200259000", "investmentIncomeNet": "None", "netInterestIncome": "None", "interestIncome": "None", "interestExpense": "7811000", "nonInterestIncome": "None", "otherNonOperatingIncome": "-12871000", "depreciation": "None", "depreciationAndAmortization": "32592000", "incomeBeforeTax": "-75858000", "incomeTaxExpense": "2595000", "interestAndDebtExpense": "None", "netIncomeFromContinuingOperations": "-78453000", "comprehensiveIncomeNetOfTax": "None", "ebit": "-82708000", "ebitda": "-50116000", "netIncome": "-72042000"}, {"fiscalDateEnding": "2011-06-30", "reportedCurrency": "USD", "grossProfit": "107242000", "totalRevenue": "222284000", "costOfRevenue": "115042000", "costofGoodsAndServicesSold": "115042000", "operatingIncome": "-28283000", "sellingGeneralAndAdministrative": "56657000", "researchAndDevelopment": "41687000", "operatingExpenses": "135525000", "investmentIncomeNet": "None", "netInterestIncome": "None", "interestIncome": "None", "interestExpense": "23000", "nonInterestIncome": "None", "otherNonOperatingIncome": "None", "depreciation": "None", "depreciationAndAmortization": "7566000", "incomeBeforeTax": "-25995000", "incomeTaxExpense": "1116000", "interestAndDebtExpense": "None", "netIncomeFromContinuingOperations": "None", "comprehensiveIncomeNetOfTax": "None", "ebit": "-25995000", "ebitda": "-18429000", "netIncome": "-26682000"}, {"fiscalDateEnding": "2010-06-30", "reportedCurrency": "USD", "grossProfit": "104018000", "totalRevenue": "221625000", "costOfRevenue": "117607000", "costofGoodsAndServicesSold": "117607000", "operatingIncome": "2836000", "sellingGeneralAndAdministrative": "35472000", "researchAndDevelopment": "31523000", "operatingExpenses": "101182000", "investmentIncomeNet": "None", "netInterestIncome": "None", "interestIncome": "None", "interestExpense": "32000", "nonInterestIncome": "None", "otherNonOperatingIncome": "None", "depreciation": "None", "depreciationAndAmortization": "7122000", "incomeBeforeTax": "2837000", "incomeTaxExpense": "-4000", "interestAndDebtExpense": "None", "netIncomeFromContinuingOperations": "None", "comprehensiveIncomeNetOfTax": "None", "ebit": "2836000", "ebitda": "9958000", "netIncome": "2841000"}, {"fiscalDateEnding": "2009-06-30", "reportedCurrency": "USD", "grossProfit": "115290000", "totalRevenue": "233598000", "costOfRevenue": "118308000", "costofGoodsAndServicesSold": "118308000", "operatingIncome": "-2418000", "sellingGeneralAndAdministrative": "36223000", "researchAndDevelopment": "35992000", "operatingExpenses": "117708000", "investmentIncomeNet": "None", "netInterestIncome": "None", "interestIncome": "None", "interestExpense": "10000", "nonInterestIncome": "None", "otherNonOperatingIncome": "None", "depreciation": "None", "depreciationAndAmortization": "6651000", "incomeBeforeTax": "664000", "incomeTaxExpense": "55000", "interestAndDebtExpense": "None", "netIncomeFromContinuingOperations": "None", "comprehensiveIncomeNetOfTax": "None", "ebit": "-2418000", "ebitda": "4233000", "netIncome": "609000"}, {"fiscalDateEnding": "2008-06-30", "reportedCurrency": "USD", "grossProfit": "106952000", "totalRevenue": "210381000", "costOfRevenue": "103429000", "costofGoodsAndServicesSold": "103429000", "operatingIncome": "-934000", "sellingGeneralAndAdministrative": "32280000", "researchAndDevelopment": "32880000", "operatingExpenses": "107886000", "investmentIncomeNet": "None", "netInterestIncome": "None", "interestIncome": "None", "interestExpense": "173000", "nonInterestIncome": "None", "otherNonOperatingIncome": "None", "depreciation": "None", "depreciationAndAmortization": "7688000", "incomeBeforeTax": "6250000", "incomeTaxExpense": "867000", "interestAndDebtExpense": "None", "netIncomeFromContinuingOperations": "None", "comprehensiveIncomeNetOfTax": "None", "ebit": "6423000", "ebitda": "14111000", "netIncome": "5383000"}, {"fiscalDateEnding": "2007-06-30", "reportedCurrency": "USD", "grossProfit": "80039000", "totalRevenue": "140452000", "costOfRevenue": "60413000", "costofGoodsAndServicesSold": "60413000", "operatingIncome": "-8540000", "sellingGeneralAndAdministrative": "23915000", "researchAndDevelopment": "26775000", "operatingExpenses": "88579000", "investmentIncomeNet": "None", "netInterestIncome": "None", "interestIncome": "None", "interestExpense": "731000", "nonInterestIncome": "None", "otherNonOperatingIncome": "None", "depreciation": "None", "depreciationAndAmortization": "6246000", "incomeBeforeTax": "-5010000", "incomeTaxExpense": "1444000", "interestAndDebtExpense": "None", "netIncomeFromContinuingOperations": "None", "comprehensiveIncomeNetOfTax": "None", "ebit": "-4853000", "ebitda": "1393000", "netIncome": "-5616000"}, {"fiscalDateEnding": "2006-06-30", "reportedCurrency": "USD", "grossProfit": "25405000", "totalRevenue": "52897000", "costOfRevenue": "27492000", "costofGoodsAndServicesSold": "27492000", "operatingIncome": "-33492000", "sellingGeneralAndAdministrative": "41109000", "researchAndDevelopment": "17788000", "operatingExpenses": "58897000", "investmentIncomeNet": "None", "netInterestIncome": "None", "interestIncome": "None", "interestExpense": "0", "nonInterestIncome": "None", "otherNonOperatingIncome": "None", "depreciation": "None", "depreciationAndAmortization": "3806000", "incomeBeforeTax": "-33436000", "incomeTaxExpense": "258000", "interestAndDebtExpense": "None", "netIncomeFromContinuingOperations": "None", "comprehensiveIncomeNetOfTax": "None", "ebit": "-33492000", "ebitda": "-29686000", "netIncome": "-33694000"}], "quarterlyReports": [{"fiscalDateEnding": "2025-12-31", "reportedCurrency": "None", "grossProfit": "24072000", "totalRevenue": "102241000", "costOfRevenue": "78169000", "costofGoodsAndServicesSold": "78169000", "operatingIncome": "-5491000", "sellingGeneralAndAdministrative": "8142000", "researchAndDevelopment": "10650000", "operatingExpenses": "29563000", "investmentIncomeNet": "None", "netInterestIncome": "None", "interestIncome": "None", "interestExpense": "7709000", "nonInterestIncome": "None", "otherNonOperatingIncome": "None", "depreciation": "None", "depreciationAndAmortization": "2163000", "incomeBeforeTax": "-13197000", "incomeTaxExpense": "573000", "interestAndDebtExpense": "None", "netIncomeFromContinuingOperations": "None", "comprehensiveIncomeNetOfTax": "None", "ebit": "-5488000", "ebitda": "-3325000", "netIncome": "-13770000"}, {"fiscalDateEnding": "2025-09-30", "reportedCurrency": "USD", "grossProfit": "26548000", "totalRevenue": "93942000", "costOfRevenue": "67394000", "costofGoodsAndServicesSold": "67394000", "operatingIncome": "-11313000", "sellingGeneralAndAdministrative": "14519000", "researchAndDevelopment": "11369000", "operatingExpenses": "37861000", "investmentIncomeNet": "None", "netInterestIncome": "-7780000", "interestIncome": "272000", "interestExpense": "8052000", "nonInterestIncome": "None", "otherNonOperatingIncome": "None", "depreciation": "None", "depreciationAndAmortization": "2879000", "incomeBeforeTax": "-21207000", "incomeTaxExpense": "471000", "interestAndDebtExpense": "None", "netIncomeFromContinuingOperations": "-21678000", "comprehensiveIncomeNetOfTax": "None", "ebit": "-13155000", "ebitda": "-10276000", "netIncome": "-21678000"}, {"fiscalDateEnding": "2025-06-30", "reportedCurrency": "USD", "grossProfit": "38979000", "totalRevenue": "127543000", "costOfRevenue": "88564000", "costofGoodsAndServicesSold": "88564000", "operatingIncome": "4234000", "sellingGeneralAndAdministrative": "11866000", "researchAndDevelopment": "11470000", "operatingExpenses": "34745000", "investmentIncomeNet": "None", "netInterestIncome": "-3937000", "interestIncome": "289000", "interestExpense": "4226000", "nonInterestIncome": "None", "otherNonOperatingIncome": "None", "depreciation": "None", "depreciationAndAmortization": "1598000", "incomeBeforeTax": "2071000", "incomeTaxExpense": "948000", "interestAndDebtExpense": "None", "netIncomeFromContinuingOperations": "1123000", "comprehensiveIncomeNetOfTax": "None", "ebit": "6297000", "ebitda": "7895000", "netIncome": "1123000"}, {"fiscalDateEnding": "2025-03-31", "reportedCurrency": "USD", "grossProfit": "31627000", "totalRevenue": "113243000", "costOfRevenue": "81616000", "costofGoodsAndServicesSold": "81616000", "operatingIncome": "1047000", "sellingGeneralAndAdministrative": "10758000", "researchAndDevelopment": "10712000", "operatingExpenses": "30580000", "investmentIncomeNet": "None", "netInterestIncome": "-2568000", "interestIncome": "322000", "interestExpense": "14566000", "nonInterestIncome": "None", "otherNonOperatingIncome": "None", "depreciation": "None", "depreciationAndAmortization": "1575000", "incomeBeforeTax": "-840000", "incomeTaxExpense": "457000", "interestAndDebtExpense": "None", "netIncomeFromContinuingOperations": "-1297000", "comprehensiveIncomeNetOfTax": "None", "ebit": "2050000", "ebitda": "3625000", "netIncome": "-1297000"}, {"fiscalDateEnding": "2024-12-31", "reportedCurrency": "USD", "grossProfit": "41892000", "totalRevenue": "116174000", "costOfRevenue": "74282000", "costofGoodsAndServicesSold": "74282000", "operatingIncome": "4707000", "sellingGeneralAndAdministrative": "12427000", "researchAndDevelopment": "13644000", "operatingExpenses": "37185000", "investmentIncomeNet": "None", "netInterestIncome": "-2605000", "interestIncome": "278000", "interestExpense": "2883000", "nonInterestIncome": "None", "otherNonOperatingIncome": "None", "depreciation": "None", "depreciationAndAmortization": "1513000", "incomeBeforeTax": "3232000", "incomeTaxExpense": "695000", "interestAndDebtExpense": "None", "netIncomeFromContinuingOperations": "2537000", "comprehensiveIncomeNetOfTax": "None", "ebit": "6115000", "ebitda": "7628000", "netIncome": "2537000"}, {"fiscalDateEnding": "2024-09-30", "reportedCurrency": "USD", "grossProfit": "34469000", "totalRevenue": "101545000", "costOfRevenue": "67076000", "costofGoodsAndServicesSold": "67076000", "operatingIncome": "-2149000", "sellingGeneralAndAdministrative": "12820000", "researchAndDevelopment": "12116000", "operatingExpenses": "36618000", "investmentIncomeNet": "None", "netInterestIncome": "-2955000", "interestIncome": "303000", "interestExpense": "2955000", "nonInterestIncome": "None", "otherNonOperatingIncome": "None", "depreciation": "None", "depreciationAndAmortization": "1464000", "incomeBeforeTax": "-3329000", "incomeTaxExpense": "625000", "interestAndDebtExpense": "None", "netIncomeFromContinuingOperations": "-3954000", "comprehensiveIncomeNetOfTax": "None", "ebit": "-374000", "ebitda": "1090000", "netIncome": "-3954000"}, {"fiscalDateEnding": "2024-06-30", "reportedCurrency": "USD", "grossProfit": "38452000", "totalRevenue": "134289000", "costOfRevenue": "95837000", "costofGoodsAndServicesSold": "95837000", "operatingIncome": "6817000", "sellingGeneralAndAdministrative": "11410000", "researchAndDevelopment": "9529000", "operatingExpenses": "31635000", "investmentIncomeNet": "None", "netInterestIncome": "-2896000", "interestIncome": "None", "interestExpense": "2896000", "nonInterestIncome": "None", "otherNonOperatingIncome": "None", "depreciation": "None", "depreciationAndAmortization": "1507000", "incomeBeforeTax": "3858000", "incomeTaxExpense": "471000", "interestAndDebtExpense": "None", "netIncomeFromContinuingOperations": "3387000", "comprehensiveIncomeNetOfTax": "None", "ebit": "6754000", "ebitda": "8261000", "netIncome": "3387000"}, {"fiscalDateEnding": "2024-03-31", "reportedCurrency": "USD", "grossProfit": "29074000", "totalRevenue": "101132000", "costOfRevenue": "72058000", "costofGoodsAndServicesSold": "72058000", "operatingIncome": "-4562000", "sellingGeneralAndAdministrative": "12409000", "researchAndDevelopment": "10909000", "operatingExpenses": "33636000", "investmentIncomeNet": "None", "netInterestIncome": "-2884000", "interestIncome": "303000", "interestExpense": "2884000", "nonInterestIncome": "None", "otherNonOperatingIncome": "None", "depreciation": "None", "depreciationAndAmortization": "1601000", "incomeBeforeTax": "-5898000", "incomeTaxExpense": "444000", "interestAndDebtExpense": "None", "netIncomeFromContinuingOperations": "-6342000", "comprehensiveIncomeNetOfTax": "None", "ebit": "-3014000", "ebitda": "-1413000", "netIncome": "-6342000"}, {"fiscalDateEnding": "2023-12-31", "reportedCurrency": "USD", "grossProfit": "35902000", "totalRevenue": "107238000", "costOfRevenue": "71336000", "costofGoodsAndServicesSold": "71336000", "operatingIncome": "-3964000", "sellingGeneralAndAdministrative": "13224000", "researchAndDevelopment": "15281000", "operatingExpenses": "39866000", "investmentIncomeNet": "None", "netInterestIncome": "-2922000", "interestIncome": "267000", "interestExpense": "2922000", "nonInterestIncome": "None", "otherNonOperatingIncome": "None", "depreciation": "None", "depreciationAndAmortization": "1546000", "incomeBeforeTax": "-8743000", "incomeTaxExpense": "878000", "interestAndDebtExpense": "None", "netIncomeFromContinuingOperations": "-9621000", "comprehensiveIncomeNetOfTax": "None", "ebit": "-5821000", "ebitda": "-4275000", "netIncome": "-9621000"}, {"fiscalDateEnding": "2023-09-30", "reportedCurrency": "USD", "grossProfit": "39493000", "totalRevenue": "103892000", "costOfRevenue": "64399000", "costofGoodsAndServicesSold": "64399000", "operatingIncome": "2213000", "sellingGeneralAndAdministrative": "13023000", "researchAndDevelopment": "14013000", "operatingExpenses": "37280000", "investmentIncomeNet": "None", "netInterestIncome": "-2922000", "interestIncome": "None", "interestExpense": "2922000", "nonInterestIncome": "None", "otherNonOperatingIncome": "None", "depreciation": "None", "depreciationAndAmortization": "1251000", "incomeBeforeTax": "-1037000", "incomeTaxExpense": "1932000", "interestAndDebtExpense": "None", "netIncomeFromContinuingOperations": "-2969000", "comprehensiveIncomeNetOfTax": "None", "ebit": "1885000", "ebitda": "3136000", "netIncome": "-2969000"}, {"fiscalDateEnding": "2023-06-30", "reportedCurrency": "USD", "grossProfit": "37678000", "totalRevenue": "118292000", "costOfRevenue": "80614000", "costofGoodsAndServicesSold": "80614000", "operatingIncome": "-457000", "sellingGeneralAndAdministrative": "13281000", "researchAndDevelopment": "14187000", "operatingExpenses": "38135000", "investmentIncomeNet": "None", "netInterestIncome": "-3002000", "interestIncome": "None", "interestExpense": "3002000", "nonInterestIncome": "None", "otherNonOperatingIncome": "None", "depreciation": "None", "depreciationAndAmortization": "1097000", "incomeBeforeTax": "-1976000", "incomeTaxExpense": "580000", "interestAndDebtExpense": "None", "netIncomeFromContinuingOperations": "-2556000", "comprehensiveIncomeNetOfTax": "None", "ebit": "1026000", "ebitda": "2123000", "netIncome": "-2556000"}, {"fiscalDateEnding": "2023-03-31", "reportedCurrency": "USD", "grossProfit": "38718000", "totalRevenue": "118060000", "costOfRevenue": "79342000", "costofGoodsAndServicesSold": "79342000", "operatingIncome": "2316000", "sellingGeneralAndAdministrative": "11063000", "researchAndDevelopment": "14209000", "operatingExpenses": "36402000", "investmentIncomeNet": "None", "netInterestIncome": "-2724000", "interestIncome": "None", "interestExpense": "2724000", "nonInterestIncome": "None", "otherNonOperatingIncome": "-1195000", "depreciation": "None", "depreciationAndAmortization": "1103000", "incomeBeforeTax": "1121000", "incomeTaxExpense": "522000", "interestAndDebtExpense": "None", "netIncomeFromContinuingOperations": "599000", "comprehensiveIncomeNetOfTax": "None", "ebit": "3845000", "ebitda": "4948000", "netIncome": "599000"}, {"fiscalDateEnding": "2022-12-31", "reportedCurrency": "USD", "grossProfit": "42967000", "totalRevenue": "114760000", "costOfRevenue": "71793000", "costofGoodsAndServicesSold": "71793000", "operatingIncome": "2705000", "sellingGeneralAndAdministrative": "12035000", "researchAndDevelopment": "14641000", "operatingExpenses": "40262000", "investmentIncomeNet": "None", "netInterestIncome": "-2644000", "interestIncome": "None", "interestExpense": "2644000", "nonInterestIncome": "None", "otherNonOperatingIncome": "-3530000", "depreciation": "None", "depreciationAndAmortization": "1151000", "incomeBeforeTax": "-825000", "incomeTaxExpense": "1049000", "interestAndDebtExpense": "None", "netIncomeFromContinuingOperations": "-1874000", "comprehensiveIncomeNetOfTax": "None", "ebit": "1819000", "ebitda": "2970000", "netIncome": "-1874000"}, {"fiscalDateEnding": "2022-09-30", "reportedCurrency": "USD", "grossProfit": "34597000", "totalRevenue": "96493000", "costOfRevenue": "61896000", "costofGoodsAndServicesSold": "61896000", "operatingIncome": "-2182000", "sellingGeneralAndAdministrative": "11892000", "researchAndDevelopment": "14092000", "operatingExpenses": "36779000", "investmentIncomeNet": "None", "netInterestIncome": "-2262000", "interestIncome": "None", "interestExpense": "2262000", "nonInterestIncome": "None", "otherNonOperatingIncome": "-2926000", "depreciation": "None", "depreciationAndAmortization": "1176000", "incomeBeforeTax": "-5108000", "incomeTaxExpense": "341000", "interestAndDebtExpense": "None", "netIncomeFromContinuingOperations": "-5449000", "comprehensiveIncomeNetOfTax": "None", "ebit": "-2857000", "ebitda": "-1681000", "netIncome": "-5449000"}, {"fiscalDateEnding": "2022-06-30", "reportedCurrency": "USD", "grossProfit": "43020000", "totalRevenue": "110023000", "costOfRevenue": "67003000", "costofGoodsAndServicesSold": "67003000", "operatingIncome": "2048000", "sellingGeneralAndAdministrative": "12041000", "researchAndDevelopment": "14569000", "operatingExpenses": "40972000", "investmentIncomeNet": "None", "netInterestIncome": "None", "interestIncome": "None", "interestExpense": "3473000", "nonInterestIncome": "None", "otherNonOperatingIncome": "-3473000", "depreciation": "None", "depreciationAndAmortization": "1269000", "incomeBeforeTax": "-1425000", "incomeTaxExpense": "2027000", "interestAndDebtExpense": "None", "netIncomeFromContinuingOperations": "-3452000", "comprehensiveIncomeNetOfTax": "None", "ebit": "27000", "ebitda": "1296000", "netIncome": "-3452000"}, {"fiscalDateEnding": "2022-03-31", "reportedCurrency": "USD", "grossProfit": "34784000", "totalRevenue": "96169000", "costOfRevenue": "61385000", "costofGoodsAndServicesSold": "61385000", "operatingIncome": "-292000", "sellingGeneralAndAdministrative": "10174000", "researchAndDevelopment": "14104000", "operatingExpenses": "35076000", "investmentIncomeNet": "None", "netInterestIncome": "None", "interestIncome": "None", "interestExpense": "1981000", "nonInterestIncome": "None", "otherNonOperatingIncome": "-347000", "depreciation": "None", "depreciationAndAmortization": "1403000", "incomeBeforeTax": "-639000", "incomeTaxExpense": "407000", "interestAndDebtExpense": "None", "netIncomeFromContinuingOperations": "-1046000", "comprehensiveIncomeNetOfTax": "None", "ebit": "1342000", "ebitda": "2745000", "netIncome": "-1046000"}, {"fiscalDateEnding": "2021-12-31", "reportedCurrency": "USD", "grossProfit": "42627000", "totalRevenue": "116275000", "costOfRevenue": "73648000", "costofGoodsAndServicesSold": "73648000", "operatingIncome": "3981000", "sellingGeneralAndAdministrative": "10716000", "researchAndDevelopment": "14697000", "operatingExpenses": "38646000", "investmentIncomeNet": "None", "netInterestIncome": "None", "interestIncome": "None", "interestExpense": "2076000", "nonInterestIncome": "None", "otherNonOperatingIncome": "-3322000", "depreciation": "None", "depreciationAndAmortization": "1422000", "incomeBeforeTax": "659000", "incomeTaxExpense": "480000", "interestAndDebtExpense": "None", "netIncomeFromContinuingOperations": "179000", "comprehensiveIncomeNetOfTax": "None", "ebit": "2735000", "ebitda": "4157000", "netIncome": "179000"}, {"fiscalDateEnding": "2021-09-30", "reportedCurrency": "USD", "grossProfit": "39524000", "totalRevenue": "107442000", "costOfRevenue": "67918000", "costofGoodsAndServicesSold": "67918000", "operatingIncome": "2411000", "sellingGeneralAndAdministrative": "11460000", "researchAndDevelopment": "14382000", "operatingExpenses": "37113000", "investmentIncomeNet": "None", "netInterestIncome": "None", "interestIncome": "None", "interestExpense": "2039000", "nonInterestIncome": "None", "otherNonOperatingIncome": "-3008000", "depreciation": "None", "depreciationAndAmortization": "1419000", "incomeBeforeTax": "-597000", "incomeTaxExpense": "431000", "interestAndDebtExpense": "None", "netIncomeFromContinuingOperations": "-1028000", "comprehensiveIncomeNetOfTax": "None", "ebit": "1442000", "ebitda": "2861000", "netIncome": "-1028000"}, {"fiscalDateEnding": "2021-06-30", "reportedCurrency": "USD", "grossProfit": "43731000", "totalRevenue": "110936000", "costOfRevenue": "67205000", "costofGoodsAndServicesSold": "67205000", "operatingIncome": "4142000", "sellingGeneralAndAdministrative": "11225000", "researchAndDevelopment": "15357000", "operatingExpenses": "39589000", "investmentIncomeNet": "None", "netInterestIncome": "None", "interestIncome": "None", "interestExpense": "None", "nonInterestIncome": "None", "otherNonOperatingIncome": "-14834000", "depreciation": "None", "depreciationAndAmortization": "1497000", "incomeBeforeTax": "-10692000", "incomeTaxExpense": "400000", "interestAndDebtExpense": "None", "netIncomeFromContinuingOperations": "-11092000", "comprehensiveIncomeNetOfTax": "None", "ebit": "-5759000", "ebitda": "-4262000", "netIncome": "-11092000"}, {"fiscalDateEnding": "2021-03-31", "reportedCurrency": "USD", "grossProfit": "39542000", "totalRevenue": "102562000", "costOfRevenue": "63020000", "costofGoodsAndServicesSold": "63020000", "operatingIncome": "4426000", "sellingGeneralAndAdministrative": "11281000", "researchAndDevelopment": "13268000", "operatingExpenses": "35116000", "investmentIncomeNet": "None", "netInterestIncome": "None", "interestIncome": "None", "interestExpense": "None", "nonInterestIncome": "None", "otherNonOperatingIncome": "-4095000", "depreciation": "None", "depreciationAndAmortization": "1575000", "incomeBeforeTax": "331000", "incomeTaxExpense": "721000", "interestAndDebtExpense": "None", "netIncomeFromContinuingOperations": "-390000", "comprehensiveIncomeNetOfTax": "None", "ebit": "4426000", "ebitda": "6001000", "netIncome": "-390000"}, {"fiscalDateEnding": "2020-12-31", "reportedCurrency": "USD", "grossProfit": "40831000", "totalRevenue": "97459000", "costOfRevenue": "56628000", "costofGoodsAndServicesSold": "56628000", "operatingIncome": "8199000", "sellingGeneralAndAdministrative": "10328000", "researchAndDevelopment": "11956000", "operatingExpenses": "32632000", "investmentIncomeNet": "None", "netInterestIncome": "None", "interestIncome": "None", "interestExpense": "None", "nonInterestIncome": "None", "otherNonOperatingIncome": "-3143000", "depreciation": "None", "depreciationAndAmortization": "1657000", "incomeBeforeTax": "5056000", "incomeTaxExpense": "287000", "interestAndDebtExpense": "None", "netIncomeFromContinuingOperations": "4769000", "comprehensiveIncomeNetOfTax": "None", "ebit": "8199000", "ebitda": "9856000", "netIncome": "4769000"}, {"fiscalDateEnding": "2020-09-30", "reportedCurrency": "USD", "grossProfit": "35403000", "totalRevenue": "85332000", "costOfRevenue": "49929000", "costofGoodsAndServicesSold": "49929000", "operatingIncome": "5468000", "sellingGeneralAndAdministrative": "8889000", "researchAndDevelopment": "12148000", "operatingExpenses": "29935000", "investmentIncomeNet": "None", "netInterestIncome": "None", "interestIncome": "None", "interestExpense": "None", "nonInterestIncome": "None", "otherNonOperatingIncome": "-4722000", "depreciation": "None", "depreciationAndAmortization": "1660000", "incomeBeforeTax": "746000", "incomeTaxExpense": "344000", "interestAndDebtExpense": "None", "netIncomeFromContinuingOperations": "402000", "comprehensiveIncomeNetOfTax": "None", "ebit": "5468000", "ebitda": "7128000", "netIncome": "402000"}, {"fiscalDateEnding": "2020-06-30", "reportedCurrency": "USD", "grossProfit": "39745000", "totalRevenue": "94977000", "costOfRevenue": "55232000", "costofGoodsAndServicesSold": "55232000", "operatingIncome": "5227000", "sellingGeneralAndAdministrative": "10748000", "researchAndDevelopment": "12215000", "operatingExpenses": "34518000", "investmentIncomeNet": "None", "netInterestIncome": "None", "interestIncome": "None", "interestExpense": "None", "nonInterestIncome": "None", "otherNonOperatingIncome": "-5117000", "depreciation": "None", "depreciationAndAmortization": "1960000", "incomeBeforeTax": "110000", "incomeTaxExpense": "262000", "interestAndDebtExpense": "None", "netIncomeFromContinuingOperations": "-152000", "comprehensiveIncomeNetOfTax": "None", "ebit": "16458000", "ebitda": "18418000", "netIncome": "-152000"}, {"fiscalDateEnding": "2020-03-31", "reportedCurrency": "USD", "grossProfit": "39133000", "totalRevenue": "99548000", "costOfRevenue": "60415000", "costofGoodsAndServicesSold": "60415000", "operatingIncome": "7969000", "sellingGeneralAndAdministrative": "8894000", "researchAndDevelopment": "11164000", "operatingExpenses": "31164000", "investmentIncomeNet": "None", "netInterestIncome": "None", "interestIncome": "5204000", "interestExpense": "None", "nonInterestIncome": "None", "otherNonOperatingIncome": "-5059000", "depreciation": "None", "depreciationAndAmortization": "1869000", "incomeBeforeTax": "2910000", "incomeTaxExpense": "285000", "interestAndDebtExpense": "None", "netIncomeFromContinuingOperations": "2625000", "comprehensiveIncomeNetOfTax": "None", "ebit": "7969000", "ebitda": "9838000", "netIncome": "2625000"}, {"fiscalDateEnding": "2019-12-31", "reportedCurrency": "USD", "grossProfit": "37900000", "totalRevenue": "98826000", "costOfRevenue": "60926000", "costofGoodsAndServicesSold": "60926000", "operatingIncome": "3623000", "sellingGeneralAndAdministrative": "9886000", "researchAndDevelopment": "13064000", "operatingExpenses": "34277000", "investmentIncomeNet": "None", "netInterestIncome": "None", "interestIncome": "5354000", "interestExpense": "4681000", "nonInterestIncome": "None", "otherNonOperatingIncome": "7766000", "depreciation": "None", "depreciationAndAmortization": "1847000", "incomeBeforeTax": "11389000", "incomeTaxExpense": "679000", "interestAndDebtExpense": "None", "netIncomeFromContinuingOperations": "10710000", "comprehensiveIncomeNetOfTax": "None", "ebit": "3623000", "ebitda": "5470000", "netIncome": "10710000"}, {"fiscalDateEnding": "2019-09-30", "reportedCurrency": "USD", "grossProfit": "32943000", "totalRevenue": "89577000", "costOfRevenue": "56634000", "costofGoodsAndServicesSold": "56634000", "operatingIncome": "-4280000", "sellingGeneralAndAdministrative": "10616000", "researchAndDevelopment": "13341000", "operatingExpenses": "37223000", "investmentIncomeNet": "None", "netInterestIncome": "None", "interestIncome": "4813000", "interestExpense": "4157000", "nonInterestIncome": "None", "otherNonOperatingIncome": "-4439000", "depreciation": "None", "depreciationAndAmortization": "1865000", "incomeBeforeTax": "-8719000", "incomeTaxExpense": "637000", "interestAndDebtExpense": "None", "netIncomeFromContinuingOperations": "-9356000", "comprehensiveIncomeNetOfTax": "None", "ebit": "-4280000", "ebitda": "-2415000", "netIncome": "-9356000"}, {"fiscalDateEnding": "2019-06-30", "reportedCurrency": "USD", "grossProfit": "45926000", "totalRevenue": "117417000", "costOfRevenue": "71491000", "costofGoodsAndServicesSold": "71491000", "operatingIncome": "3258000", "sellingGeneralAndAdministrative": "11697000", "researchAndDevelopment": "16051000", "operatingExpenses": "42668000", "investmentIncomeNet": "None", "netInterestIncome": "None", "interestIncome": "4346000", "interestExpense": "4320000", "nonInterestIncome": "None", "otherNonOperatingIncome": "-3794000", "depreciation": "None", "depreciationAndAmortization": "4403000", "incomeBeforeTax": "-536000", "incomeTaxExpense": "864000", "interestAndDebtExpense": "None", "netIncomeFromContinuingOperations": "-1400000", "comprehensiveIncomeNetOfTax": "None", "ebit": "3258000", "ebitda": "7661000", "netIncome": "-1400000"}, {"fiscalDateEnding": "2019-03-31", "reportedCurrency": "USD", "grossProfit": "40466000", "totalRevenue": "103221000", "costOfRevenue": "62755000", "costofGoodsAndServicesSold": "62755000", "operatingIncome": "2881000", "sellingGeneralAndAdministrative": "11769000", "researchAndDevelopment": "12913000", "operatingExpenses": "37585000", "investmentIncomeNet": "None", "netInterestIncome": "None", "interestIncome": "3929000", "interestExpense": "3744000", "nonInterestIncome": "None", "otherNonOperatingIncome": "-3829000", "depreciation": "None", "depreciationAndAmortization": "1914000", "incomeBeforeTax": "-948000", "incomeTaxExpense": "236000", "interestAndDebtExpense": "None", "netIncomeFromContinuingOperations": "-1184000", "comprehensiveIncomeNetOfTax": "None", "ebit": "2881000", "ebitda": "4795000", "netIncome": "-1184000"}, {"fiscalDateEnding": "2018-12-31", "reportedCurrency": "USD", "grossProfit": "38380000", "totalRevenue": "102318000", "costOfRevenue": "63938000", "costofGoodsAndServicesSold": "63938000", "operatingIncome": "-868000", "sellingGeneralAndAdministrative": "10469000", "researchAndDevelopment": "13640000", "operatingExpenses": "39248000", "investmentIncomeNet": "None", "netInterestIncome": "None", "interestIncome": "None", "interestExpense": "3503000", "nonInterestIncome": "None", "otherNonOperatingIncome": "-3321000", "depreciation": "None", "depreciationAndAmortization": "2045000", "incomeBeforeTax": "-4189000", "incomeTaxExpense": "451000", "interestAndDebtExpense": "None", "netIncomeFromContinuingOperations": "-4640000", "comprehensiveIncomeNetOfTax": "None", "ebit": "-868000", "ebitda": "1177000", "netIncome": "-4640000"}, {"fiscalDateEnding": "2018-09-30", "reportedCurrency": "USD", "grossProfit": "37879000", "totalRevenue": "95829000", "costOfRevenue": "57950000", "costofGoodsAndServicesSold": "57950000", "operatingIncome": "-4688000", "sellingGeneralAndAdministrative": "15642000", "researchAndDevelopment": "13889000", "operatingExpenses": "42567000", "investmentIncomeNet": "None", "netInterestIncome": "None", "interestIncome": "None", "interestExpense": "3517000", "nonInterestIncome": "None", "otherNonOperatingIncome": "-3983000", "depreciation": "None", "depreciationAndAmortization": "2129000", "incomeBeforeTax": "-8671000", "incomeTaxExpense": "535000", "interestAndDebtExpense": "None", "netIncomeFromContinuingOperations": "-9206000", "comprehensiveIncomeNetOfTax": "None", "ebit": "-4688000", "ebitda": "-2559000", "netIncome": "-9206000"}, {"fiscalDateEnding": "2018-06-30", "reportedCurrency": "USD", "grossProfit": "47985000", "totalRevenue": "113786000", "costOfRevenue": "65801000", "costofGoodsAndServicesSold": "65801000", "operatingIncome": "3093000", "sellingGeneralAndAdministrative": "13440000", "researchAndDevelopment": "14588000", "operatingExpenses": "44892000", "investmentIncomeNet": "None", "netInterestIncome": "None", "interestIncome": "None", "interestExpense": "3667000", "nonInterestIncome": "None", "otherNonOperatingIncome": "-4450000", "depreciation": "None", "depreciationAndAmortization": "2345000", "incomeBeforeTax": "-1357000", "incomeTaxExpense": "-411000", "interestAndDebtExpense": "None", "netIncomeFromContinuingOperations": "-946000", "comprehensiveIncomeNetOfTax": "None", "ebit": "2310000", "ebitda": "4655000", "netIncome": "-946000"}, {"fiscalDateEnding": "2018-03-31", "reportedCurrency": "USD", "grossProfit": "36249000", "totalRevenue": "99832000", "costOfRevenue": "63583000", "costofGoodsAndServicesSold": "63583000", "operatingIncome": "-3821000", "sellingGeneralAndAdministrative": "11552000", "researchAndDevelopment": "13906000", "operatingExpenses": "40070000", "investmentIncomeNet": "None", "netInterestIncome": "None", "interestIncome": "None", "interestExpense": "3861000", "nonInterestIncome": "None", "otherNonOperatingIncome": "-4465000", "depreciation": "None", "depreciationAndAmortization": "2380000", "incomeBeforeTax": "-8286000", "incomeTaxExpense": "566000", "interestAndDebtExpense": "None", "netIncomeFromContinuingOperations": "-8852000", "comprehensiveIncomeNetOfTax": "None", "ebit": "-3821000", "ebitda": "-1441000", "netIncome": "-8852000"}, {"fiscalDateEnding": "2017-12-31", "reportedCurrency": "USD", "grossProfit": "39355000", "totalRevenue": "100329000", "costOfRevenue": "60974000", "costofGoodsAndServicesSold": "60974000", "operatingIncome": "-1017000", "sellingGeneralAndAdministrative": "11836000", "researchAndDevelopment": "14664000", "operatingExpenses": "40372000", "investmentIncomeNet": "None", "netInterestIncome": "None", "interestIncome": "None", "interestExpense": "3712000", "nonInterestIncome": "None", "otherNonOperatingIncome": "-3738000", "depreciation": "None", "depreciationAndAmortization": "2493000", "incomeBeforeTax": "-4755000", "incomeTaxExpense": "-36000", "interestAndDebtExpense": "None", "netIncomeFromContinuingOperations": "-4719000", "comprehensiveIncomeNetOfTax": "None", "ebit": "-1017000", "ebitda": "1476000", "netIncome": "-4719000"}, {"fiscalDateEnding": "2017-09-30", "reportedCurrency": "USD", "grossProfit": "38106000", "totalRevenue": "90950000", "costOfRevenue": "52844000", "costofGoodsAndServicesSold": "52844000", "operatingIncome": "-2052000", "sellingGeneralAndAdministrative": "11308000", "researchAndDevelopment": "14093000", "operatingExpenses": "40158000", "investmentIncomeNet": "None", "netInterestIncome": "None", "interestIncome": "None", "interestExpense": "3719000", "nonInterestIncome": "None", "otherNonOperatingIncome": "-6571000", "depreciation": "None", "depreciationAndAmortization": "2514000", "incomeBeforeTax": "-8623000", "incomeTaxExpense": "759000", "interestAndDebtExpense": "None", "netIncomeFromContinuingOperations": "-9382000", "comprehensiveIncomeNetOfTax": "None", "ebit": "-2052000", "ebitda": "462000", "netIncome": "-9382000"}, {"fiscalDateEnding": "2017-06-30", "reportedCurrency": "USD", "grossProfit": "43185000", "totalRevenue": "112094000", "costOfRevenue": "68909000", "costofGoodsAndServicesSold": "68909000", "operatingIncome": "2815000", "sellingGeneralAndAdministrative": "10876000", "researchAndDevelopment": "13264000", "operatingExpenses": "40370000", "investmentIncomeNet": "None", "netInterestIncome": "None", "interestIncome": "None", "interestExpense": "6895000", "nonInterestIncome": "None", "otherNonOperatingIncome": "-7674000", "depreciation": "None", "depreciationAndAmortization": "4195000", "incomeBeforeTax": "-4859000", "incomeTaxExpense": "396000", "interestAndDebtExpense": "None", "netIncomeFromContinuingOperations": "-5255000", "comprehensiveIncomeNetOfTax": "None", "ebit": "1399000", "ebitda": "5594000", "netIncome": "-5255000"}, {"fiscalDateEnding": "2017-03-31", "reportedCurrency": "USD", "grossProfit": "35425000", "totalRevenue": "97312000", "costOfRevenue": "61887000", "costofGoodsAndServicesSold": "61887000", "operatingIncome": "-1268000", "sellingGeneralAndAdministrative": "11184000", "researchAndDevelopment": "12484000", "operatingExpenses": "36693000", "investmentIncomeNet": "None", "netInterestIncome": "None", "interestIncome": "None", "interestExpense": "3299000", "nonInterestIncome": "None", "otherNonOperatingIncome": "-2919000", "depreciation": "None", "depreciationAndAmortization": "4568000", "incomeBeforeTax": "-4187000", "incomeTaxExpense": "842000", "interestAndDebtExpense": "None", "netIncomeFromContinuingOperations": "-5029000", "comprehensiveIncomeNetOfTax": "None", "ebit": "-1268000", "ebitda": "3300000", "netIncome": "-5029000"}, {"fiscalDateEnding": "2016-12-31", "reportedCurrency": "USD", "grossProfit": "31387000", "totalRevenue": "87502000", "costOfRevenue": "56115000", "costofGoodsAndServicesSold": "56115000", "operatingIncome": "-4823000", "sellingGeneralAndAdministrative": "10362000", "researchAndDevelopment": "11944000", "operatingExpenses": "36210000", "investmentIncomeNet": "None", "netInterestIncome": "None", "interestIncome": "None", "interestExpense": "3358000", "nonInterestIncome": "None", "otherNonOperatingIncome": "-4120000", "depreciation": "None", "depreciationAndAmortization": "4625000", "incomeBeforeTax": "-8943000", "incomeTaxExpense": "426000", "interestAndDebtExpense": "None", "netIncomeFromContinuingOperations": "-9369000", "comprehensiveIncomeNetOfTax": "None", "ebit": "-4823000", "ebitda": "-198000", "netIncome": "-9369000"}, {"fiscalDateEnding": "2016-09-30", "reportedCurrency": "USD", "grossProfit": "31344000", "totalRevenue": "86506000", "costOfRevenue": "55162000", "costofGoodsAndServicesSold": "55162000", "operatingIncome": "-6547000", "sellingGeneralAndAdministrative": "11344000", "researchAndDevelopment": "12229000", "operatingExpenses": "37891000", "investmentIncomeNet": "None", "netInterestIncome": "None", "interestIncome": "None", "interestExpense": "3750000", "nonInterestIncome": "None", "otherNonOperatingIncome": "-4005000", "depreciation": "None", "depreciationAndAmortization": "4655000", "incomeBeforeTax": "-10552000", "incomeTaxExpense": "-626000", "interestAndDebtExpense": "None", "netIncomeFromContinuingOperations": "-9926000", "comprehensiveIncomeNetOfTax": "None", "ebit": "-6547000", "ebitda": "-1892000", "netIncome": "-9926000"}, {"fiscalDateEnding": "2016-06-30", "reportedCurrency": "USD", "grossProfit": "37300000", "totalRevenue": "94973000", "costOfRevenue": "57673000", "costofGoodsAndServicesSold": "57673000", "operatingIncome": "-2960000", "sellingGeneralAndAdministrative": "10302000", "researchAndDevelopment": "14155000", "operatingExpenses": "40260000", "investmentIncomeNet": "None", "netInterestIncome": "None", "interestIncome": "None", "interestExpense": "4414000", "nonInterestIncome": "None", "otherNonOperatingIncome": "-4171000", "depreciation": "None", "depreciationAndAmortization": "4652000", "incomeBeforeTax": "-7131000", "incomeTaxExpense": "76000", "interestAndDebtExpense": "None", "netIncomeFromContinuingOperations": "-7207000", "comprehensiveIncomeNetOfTax": "None", "ebit": "-7612000", "ebitda": "-2960000", "netIncome": "-7207000"}, {"fiscalDateEnding": "2016-03-31", "reportedCurrency": "USD", "grossProfit": "44944000", "totalRevenue": "105284000", "costOfRevenue": "60340000", "costofGoodsAndServicesSold": "60340000", "operatingIncome": "5442000", "sellingGeneralAndAdministrative": "13716000", "researchAndDevelopment": "13270000", "operatingExpenses": "39502000", "investmentIncomeNet": "None", "netInterestIncome": "None", "interestIncome": "None", "interestExpense": "4470000", "nonInterestIncome": "None", "otherNonOperatingIncome": "-3963000", "depreciation": "None", "depreciationAndAmortization": "4583000", "incomeBeforeTax": "1479000", "incomeTaxExpense": "723000", "interestAndDebtExpense": "None", "netIncomeFromContinuingOperations": "756000", "comprehensiveIncomeNetOfTax": "None", "ebit": "859000", "ebitda": "5442000", "netIncome": "756000"}, {"fiscalDateEnding": "2015-12-31", "reportedCurrency": "USD", "grossProfit": "42571000", "totalRevenue": "108912000", "costOfRevenue": "66341000", "costofGoodsAndServicesSold": "66341000", "operatingIncome": "-124000", "sellingGeneralAndAdministrative": "12688000", "researchAndDevelopment": "14931000", "operatingExpenses": "42695000", "investmentIncomeNet": "None", "netInterestIncome": "None", "interestIncome": "None", "interestExpense": "4308000", "nonInterestIncome": "None", "otherNonOperatingIncome": "-5070000", "depreciation": "None", "depreciationAndAmortization": "4502000", "incomeBeforeTax": "-5194000", "incomeTaxExpense": "833000", "interestAndDebtExpense": "None", "netIncomeFromContinuingOperations": "-6027000", "comprehensiveIncomeNetOfTax": "None", "ebit": "-124000", "ebitda": "4378000", "netIncome": "-6027000"}, {"fiscalDateEnding": "2015-09-30", "reportedCurrency": "USD", "grossProfit": "33898000", "totalRevenue": "89631000", "costOfRevenue": "55733000", "costofGoodsAndServicesSold": "55733000", "operatingIncome": "-3843000", "sellingGeneralAndAdministrative": "10028000", "researchAndDevelopment": "14296000", "operatingExpenses": "37741000", "investmentIncomeNet": "None", "netInterestIncome": "None", "interestIncome": "None", "interestExpense": "4268000", "nonInterestIncome": "None", "otherNonOperatingIncome": "-5091000", "depreciation": "None", "depreciationAndAmortization": "4559000", "incomeBeforeTax": "-8934000", "incomeTaxExpense": "704000", "interestAndDebtExpense": "None", "netIncomeFromContinuingOperations": "-13026000", "comprehensiveIncomeNetOfTax": "None", "ebit": "-8402000", "ebitda": "-3843000", "netIncome": "-9638000"}, {"fiscalDateEnding": "2015-06-30", "reportedCurrency": "USD", "grossProfit": "40452000", "totalRevenue": "101750000", "costOfRevenue": "61298000", "costofGoodsAndServicesSold": "61298000", "operatingIncome": "-1478000", "sellingGeneralAndAdministrative": "11403000", "researchAndDevelopment": "14850000", "operatingExpenses": "41930000", "investmentIncomeNet": "None", "netInterestIncome": "None", "interestIncome": "None", "interestExpense": "4195000", "nonInterestIncome": "None", "otherNonOperatingIncome": "-4014000", "depreciation": "None", "depreciationAndAmortization": "4629000", "incomeBeforeTax": "-5492000", "incomeTaxExpense": "108000", "interestAndDebtExpense": "None", "netIncomeFromContinuingOperations": "-5600000", "comprehensiveIncomeNetOfTax": "None", "ebit": "-2978000", "ebitda": "1651000", "netIncome": "-5600000"}, {"fiscalDateEnding": "2015-03-31", "reportedCurrency": "USD", "grossProfit": "38660000", "totalRevenue": "97515000", "costOfRevenue": "58855000", "costofGoodsAndServicesSold": "58855000", "operatingIncome": "1172000", "sellingGeneralAndAdministrative": "11665000", "researchAndDevelopment": "12836000", "operatingExpenses": "37488000", "investmentIncomeNet": "None", "netInterestIncome": "None", "interestIncome": "None", "interestExpense": "4164000", "nonInterestIncome": "None", "otherNonOperatingIncome": "-3618000", "depreciation": "None", "depreciationAndAmortization": "4904000", "incomeBeforeTax": "-2446000", "incomeTaxExpense": "521000", "interestAndDebtExpense": "None", "netIncomeFromContinuingOperations": "-2967000", "comprehensiveIncomeNetOfTax": "None", "ebit": "-3732000", "ebitda": "1172000", "netIncome": "-2967000"}, {"fiscalDateEnding": "2014-12-31", "reportedCurrency": "USD", "grossProfit": "38489000", "totalRevenue": "98155000", "costOfRevenue": "59666000", "costofGoodsAndServicesSold": "59666000", "operatingIncome": "-3591000", "sellingGeneralAndAdministrative": "12361000", "researchAndDevelopment": "13917000", "operatingExpenses": "42080000", "investmentIncomeNet": "None", "netInterestIncome": "None", "interestIncome": "None", "interestExpense": "4094000", "nonInterestIncome": "None", "otherNonOperatingIncome": "-5528000", "depreciation": "None", "depreciationAndAmortization": "4982000", "incomeBeforeTax": "-9119000", "incomeTaxExpense": "873000", "interestAndDebtExpense": "None", "netIncomeFromContinuingOperations": "-9992000", "comprehensiveIncomeNetOfTax": "None", "ebit": "-3591000", "ebitda": "1391000", "netIncome": "-9992000"}, {"fiscalDateEnding": "2014-09-30", "reportedCurrency": "USD", "grossProfit": "27801000", "totalRevenue": "82381000", "costOfRevenue": "54580000", "costofGoodsAndServicesSold": "54580000", "operatingIncome": "-15272000", "sellingGeneralAndAdministrative": "10950000", "researchAndDevelopment": "14149000", "operatingExpenses": "43073000", "investmentIncomeNet": "None", "netInterestIncome": "None", "interestIncome": "None", "interestExpense": "4065000", "nonInterestIncome": "None", "otherNonOperatingIncome": "-5461000", "depreciation": "None", "depreciationAndAmortization": "4978000", "incomeBeforeTax": "-20733000", "incomeTaxExpense": "917000", "interestAndDebtExpense": "None", "netIncomeFromContinuingOperations": "-21650000", "comprehensiveIncomeNetOfTax": "None", "ebit": "-15272000", "ebitda": "-10294000", "netIncome": "-21650000"}, {"fiscalDateEnding": "2014-06-30", "reportedCurrency": "USD", "grossProfit": "38447000", "totalRevenue": "102000000", "costOfRevenue": "63553000", "costofGoodsAndServicesSold": "63553000", "operatingIncome": "-4667000", "sellingGeneralAndAdministrative": "11679000", "researchAndDevelopment": "13576000", "operatingExpenses": "43114000", "investmentIncomeNet": "None", "netInterestIncome": "None", "interestIncome": "None", "interestExpense": "3884000", "nonInterestIncome": "None", "otherNonOperatingIncome": "-4669000", "depreciation": "None", "depreciationAndAmortization": "5018000", "incomeBeforeTax": "-9336000", "incomeTaxExpense": "473000", "interestAndDebtExpense": "None", "netIncomeFromContinuingOperations": "-9809000", "comprehensiveIncomeNetOfTax": "None", "ebit": "-4667000", "ebitda": "351000", "netIncome": "-9809000"}, {"fiscalDateEnding": "2014-03-31", "reportedCurrency": "USD", "grossProfit": "39704000", "totalRevenue": "97144000", "costOfRevenue": "57440000", "costofGoodsAndServicesSold": "57440000", "operatingIncome": "-475000", "sellingGeneralAndAdministrative": "11106000", "researchAndDevelopment": "13763000", "operatingExpenses": "40179000", "investmentIncomeNet": "None", "netInterestIncome": "None", "interestIncome": "None", "interestExpense": "3509000", "nonInterestIncome": "None", "otherNonOperatingIncome": "-3312000", "depreciation": "None", "depreciationAndAmortization": "4970000", "incomeBeforeTax": "-3787000", "incomeTaxExpense": "878000", "interestAndDebtExpense": "None", "netIncomeFromContinuingOperations": "-4665000", "comprehensiveIncomeNetOfTax": "None", "ebit": "-475000", "ebitda": "4495000", "netIncome": "-4665000"}, {"fiscalDateEnding": "2013-12-31", "reportedCurrency": "USD", "grossProfit": "38171000", "totalRevenue": "93634000", "costOfRevenue": "55463000", "costofGoodsAndServicesSold": "55463000", "operatingIncome": "-716000", "sellingGeneralAndAdministrative": "11190000", "researchAndDevelopment": "13435000", "operatingExpenses": "38887000", "investmentIncomeNet": "None", "netInterestIncome": "None", "interestIncome": "None", "interestExpense": "3459000", "nonInterestIncome": "None", "otherNonOperatingIncome": "-3775000", "depreciation": "None", "depreciationAndAmortization": "5128000", "incomeBeforeTax": "-4491000", "incomeTaxExpense": "950000", "interestAndDebtExpense": "None", "netIncomeFromContinuingOperations": "-5441000", "comprehensiveIncomeNetOfTax": "None", "ebit": "-716000", "ebitda": "4412000", "netIncome": "-5441000"}, {"fiscalDateEnding": "2013-09-30", "reportedCurrency": "USD", "grossProfit": "26478000", "totalRevenue": "76641000", "costOfRevenue": "50163000", "costofGoodsAndServicesSold": "50163000", "operatingIncome": "-12286000", "sellingGeneralAndAdministrative": "11360000", "researchAndDevelopment": "12950000", "operatingExpenses": "38764000", "investmentIncomeNet": "None", "netInterestIncome": "None", "interestIncome": "None", "interestExpense": "3435000", "nonInterestIncome": "None", "otherNonOperatingIncome": "-2460000", "depreciation": "None", "depreciationAndAmortization": "5448000", "incomeBeforeTax": "-14746000", "incomeTaxExpense": "787000", "interestAndDebtExpense": "None", "netIncomeFromContinuingOperations": "-15533000", "comprehensiveIncomeNetOfTax": "None", "ebit": "-12286000", "ebitda": "-6838000", "netIncome": "-15533000"}, {"fiscalDateEnding": "2013-06-30", "reportedCurrency": "USD", "grossProfit": "27285000", "totalRevenue": "84900000", "costOfRevenue": "57615000", "costofGoodsAndServicesSold": "57615000", "operatingIncome": "-12725000", "sellingGeneralAndAdministrative": "12247000", "researchAndDevelopment": "14687000", "operatingExpenses": "40010000", "investmentIncomeNet": "None", "netInterestIncome": "None", "interestIncome": "None", "interestExpense": "3419000", "nonInterestIncome": "None", "otherNonOperatingIncome": "-4241000", "depreciation": "None", "depreciationAndAmortization": "5719000", "incomeBeforeTax": "-17009000", "incomeTaxExpense": "1706000", "interestAndDebtExpense": "None", "netIncomeFromContinuingOperations": "-4410000", "comprehensiveIncomeNetOfTax": "None", "ebit": "-12525000", "ebitda": "-6806000", "netIncome": "-18715000"}, {"fiscalDateEnding": "2013-03-31", "reportedCurrency": "USD", "grossProfit": "20053000", "totalRevenue": "70547000", "costOfRevenue": "50494000", "costofGoodsAndServicesSold": "50494000", "operatingIncome": "-25035000", "sellingGeneralAndAdministrative": "16745000", "researchAndDevelopment": "15697000", "operatingExpenses": "45088000", "investmentIncomeNet": "None", "netInterestIncome": "None", "interestIncome": "None", "interestExpense": "2760000", "nonInterestIncome": "None", "otherNonOperatingIncome": "-5565000", "depreciation": "None", "depreciationAndAmortization": "5925000", "incomeBeforeTax": "-30600000", "incomeTaxExpense": "603000", "interestAndDebtExpense": "None", "netIncomeFromContinuingOperations": "-31203000", "comprehensiveIncomeNetOfTax": "None", "ebit": "-25035000", "ebitda": "-19110000", "netIncome": "-31203000"}, {"fiscalDateEnding": "2012-12-31", "reportedCurrency": "USD", "grossProfit": "26626000", "totalRevenue": "77779000", "costOfRevenue": "51153000", "costofGoodsAndServicesSold": "51153000", "operatingIncome": "-22266000", "sellingGeneralAndAdministrative": "15892000", "researchAndDevelopment": "17239000", "operatingExpenses": "48892000", "investmentIncomeNet": "None", "netInterestIncome": "None", "interestIncome": "None", "interestExpense": "2109000", "nonInterestIncome": "None", "otherNonOperatingIncome": "-2580000", "depreciation": "None", "depreciationAndAmortization": "6093000", "incomeBeforeTax": "-24846000", "incomeTaxExpense": "667000", "interestAndDebtExpense": "None", "netIncomeFromContinuingOperations": "-25513000", "comprehensiveIncomeNetOfTax": "None", "ebit": "-22266000", "ebitda": "-16173000", "netIncome": "-29171000"}, {"fiscalDateEnding": "2012-09-30", "reportedCurrency": "USD", "grossProfit": "23676000", "totalRevenue": "82748000", "costOfRevenue": "59072000", "costofGoodsAndServicesSold": "59072000", "operatingIncome": "-34891000", "sellingGeneralAndAdministrative": "13269000", "researchAndDevelopment": "20209000", "operatingExpenses": "46367000", "investmentIncomeNet": "None", "netInterestIncome": "None", "interestIncome": "None", "interestExpense": "2090000", "nonInterestIncome": "None", "otherNonOperatingIncome": "-747000", "depreciation": "None", "depreciationAndAmortization": "7827000", "incomeBeforeTax": "-35638000", "incomeTaxExpense": "597000", "interestAndDebtExpense": "None", "netIncomeFromContinuingOperations": "-36235000", "comprehensiveIncomeNetOfTax": "None", "ebit": "-20629000", "ebitda": "-12802000", "netIncome": "-24130000"}, {"fiscalDateEnding": "2012-06-30", "reportedCurrency": "USD", "grossProfit": "36490000", "totalRevenue": "100533000", "costOfRevenue": "64043000", "costofGoodsAndServicesSold": "64043000", "operatingIncome": "-16655000", "sellingGeneralAndAdministrative": "15753000", "researchAndDevelopment": "22892000", "operatingExpenses": "53145000", "investmentIncomeNet": "None", "netInterestIncome": "None", "interestIncome": "None", "interestExpense": "2097000", "nonInterestIncome": "None", "otherNonOperatingIncome": "-4548000", "depreciation": "None", "depreciationAndAmortization": "8080000", "incomeBeforeTax": "-21203000", "incomeTaxExpense": "443000", "interestAndDebtExpense": "None", "netIncomeFromContinuingOperations": "-21646000", "comprehensiveIncomeNetOfTax": "None", "ebit": "-21715000", "ebitda": "-13635000", "netIncome": "-20264000"}, {"fiscalDateEnding": "2012-03-31", "reportedCurrency": "USD", "grossProfit": "36111000", "totalRevenue": "101816000", "costOfRevenue": "65705000", "costofGoodsAndServicesSold": "65705000", "operatingIncome": "-14334000", "sellingGeneralAndAdministrative": "14213000", "researchAndDevelopment": "23783000", "operatingExpenses": "50445000", "investmentIncomeNet": "None", "netInterestIncome": "None", "interestIncome": "None", "interestExpense": "1900000", "nonInterestIncome": "None", "otherNonOperatingIncome": "-952000", "depreciation": "None", "depreciationAndAmortization": "7991000", "incomeBeforeTax": "-15286000", "incomeTaxExpense": "1247000", "interestAndDebtExpense": "None", "netIncomeFromContinuingOperations": "-16533000", "comprehensiveIncomeNetOfTax": "None", "ebit": "-12700000", "ebitda": "-4709000", "netIncome": "-14881000"}, {"fiscalDateEnding": "2011-12-31", "reportedCurrency": "USD", "grossProfit": "40243000", "totalRevenue": "106423000", "costOfRevenue": "66180000", "costofGoodsAndServicesSold": "66180000", "operatingIncome": "-7311000", "sellingGeneralAndAdministrative": "13663000", "researchAndDevelopment": "19874000", "operatingExpenses": "47554000", "investmentIncomeNet": "None", "netInterestIncome": "None", "interestIncome": "None", "interestExpense": "2000000", "nonInterestIncome": "None", "otherNonOperatingIncome": "-4513000", "depreciation": "None", "depreciationAndAmortization": "8202000", "incomeBeforeTax": "-11824000", "incomeTaxExpense": "367000", "interestAndDebtExpense": "None", "netIncomeFromContinuingOperations": "-12191000", "comprehensiveIncomeNetOfTax": "None", "ebit": "-5452000", "ebitda": "2750000", "netIncome": "-10387000"}, {"fiscalDateEnding": "2011-09-30", "reportedCurrency": "USD", "grossProfit": "24428000", "totalRevenue": "100451000", "costOfRevenue": "76023000", "costofGoodsAndServicesSold": "76023000", "operatingIncome": "-24687000", "sellingGeneralAndAdministrative": "14969000", "researchAndDevelopment": "20565000", "operatingExpenses": "49115000", "investmentIncomeNet": "None", "netInterestIncome": "None", "interestIncome": "None", "interestExpense": "1400000", "nonInterestIncome": "None", "otherNonOperatingIncome": "-2858000", "depreciation": "None", "depreciationAndAmortization": "8319000", "incomeBeforeTax": "-27545000", "incomeTaxExpense": "538000", "interestAndDebtExpense": "None", "netIncomeFromContinuingOperations": "-28083000", "comprehensiveIncomeNetOfTax": "None", "ebit": "-24687000", "ebitda": "-16368000", "netIncome": "-26510000"}, {"fiscalDateEnding": "2011-06-30", "reportedCurrency": "USD", "grossProfit": "32226000", "totalRevenue": "75223000", "costOfRevenue": "42997000", "costofGoodsAndServicesSold": "42997000", "operatingIncome": "-25313000", "sellingGeneralAndAdministrative": "29196000", "researchAndDevelopment": "15036000", "operatingExpenses": "57539000", "investmentIncomeNet": "None", "netInterestIncome": "None", "interestIncome": "None", "interestExpense": "23000", "nonInterestIncome": "None", "otherNonOperatingIncome": "None", "depreciation": "None", "depreciationAndAmortization": "3120000", "incomeBeforeTax": "-25339000", "incomeTaxExpense": "70000", "interestAndDebtExpense": "None", "netIncomeFromContinuingOperations": "0", "comprehensiveIncomeNetOfTax": "None", "ebit": "-23002000", "ebitda": "-19882000", "netIncome": "-24980000"}, {"fiscalDateEnding": "2011-03-31", "reportedCurrency": "USD", "grossProfit": "27313000", "totalRevenue": "54747000", "costOfRevenue": "27434000", "costofGoodsAndServicesSold": "27434000", "operatingIncome": "-526000", "sellingGeneralAndAdministrative": "10421000", "researchAndDevelopment": "9291000", "operatingExpenses": "27839000", "investmentIncomeNet": "None", "netInterestIncome": "None", "interestIncome": "None", "interestExpense": "0", "nonInterestIncome": "None", "otherNonOperatingIncome": "None", "depreciation": "None", "depreciationAndAmortization": "1556000", "incomeBeforeTax": "-504000", "incomeTaxExpense": "656000", "interestAndDebtExpense": "None", "netIncomeFromContinuingOperations": "0", "comprehensiveIncomeNetOfTax": "None", "ebit": "-526000", "ebitda": "1030000", "netIncome": "-1160000"}, {"fiscalDateEnding": "2010-12-31", "reportedCurrency": "USD", "grossProfit": "29466000", "totalRevenue": "54246000", "costOfRevenue": "24780000", "costofGoodsAndServicesSold": "24780000", "operatingIncome": "3685000", "sellingGeneralAndAdministrative": "8481000", "researchAndDevelopment": "9313000", "operatingExpenses": "25781000", "investmentIncomeNet": "None", "netInterestIncome": "None", "interestIncome": "None", "interestExpense": "0", "nonInterestIncome": "None", "otherNonOperatingIncome": "None", "depreciation": "None", "depreciationAndAmortization": "1501000", "incomeBeforeTax": "4361000", "incomeTaxExpense": "263000", "interestAndDebtExpense": "None", "netIncomeFromContinuingOperations": "0", "comprehensiveIncomeNetOfTax": "None", "ebit": "2184000", "ebitda": "3685000", "netIncome": "4098000"}, {"fiscalDateEnding": "2010-09-30", "reportedCurrency": "USD", "grossProfit": "18237000", "totalRevenue": "38068000", "costOfRevenue": "19831000", "costofGoodsAndServicesSold": "19831000", "operatingIncome": "-6129000", "sellingGeneralAndAdministrative": "8559000", "researchAndDevelopment": "8047000", "operatingExpenses": "24366000", "investmentIncomeNet": "None", "netInterestIncome": "None", "interestIncome": "None", "interestExpense": "0", "nonInterestIncome": "None", "otherNonOperatingIncome": "None", "depreciation": "None", "depreciationAndAmortization": "1389000", "incomeBeforeTax": "-4513000", "incomeTaxExpense": "127000", "interestAndDebtExpense": "None", "netIncomeFromContinuingOperations": "0", "comprehensiveIncomeNetOfTax": "None", "ebit": "-6129000", "ebitda": "-4740000", "netIncome": "-4640000"}, {"fiscalDateEnding": "2010-06-30", "reportedCurrency": "USD", "grossProfit": "31058000", "totalRevenue": "61788000", "costOfRevenue": "30730000", "costofGoodsAndServicesSold": "30730000", "operatingIncome": "5996000", "sellingGeneralAndAdministrative": "8393000", "researchAndDevelopment": "8373000", "operatingExpenses": "25062000", "investmentIncomeNet": "None", "netInterestIncome": "None", "interestIncome": "None", "interestExpense": "32000", "nonInterestIncome": "None", "otherNonOperatingIncome": "None", "depreciation": "None", "depreciationAndAmortization": "1558000", "incomeBeforeTax": "5313000", "incomeTaxExpense": "293000", "interestAndDebtExpense": "None", "netIncomeFromContinuingOperations": "0", "comprehensiveIncomeNetOfTax": "None", "ebit": "6029000", "ebitda": "7587000", "netIncome": "5020000"}, {"fiscalDateEnding": "2010-03-31", "reportedCurrency": "USD", "grossProfit": "25376000", "totalRevenue": "51940000", "costOfRevenue": "26564000", "costofGoodsAndServicesSold": "26564000", "operatingIncome": "2759000", "sellingGeneralAndAdministrative": "7719000", "researchAndDevelopment": "7719000", "operatingExpenses": "22617000", "investmentIncomeNet": "None", "netInterestIncome": "None", "interestIncome": "None", "interestExpense": "0", "nonInterestIncome": "None", "otherNonOperatingIncome": "None", "depreciation": "None", "depreciationAndAmortization": "1672000", "incomeBeforeTax": "2532000", "incomeTaxExpense": "260000", "interestAndDebtExpense": "None", "netIncomeFromContinuingOperations": "0", "comprehensiveIncomeNetOfTax": "None", "ebit": "1087000", "ebitda": "2759000", "netIncome": "2272000"}, {"fiscalDateEnding": "2009-12-31", "reportedCurrency": "USD", "grossProfit": "25964000", "totalRevenue": "57321000", "costOfRevenue": "31357000", "costofGoodsAndServicesSold": "31357000", "operatingIncome": "-2298000", "sellingGeneralAndAdministrative": "10430000", "researchAndDevelopment": "7769000", "operatingExpenses": "28262000", "investmentIncomeNet": "None", "netInterestIncome": "None", "interestIncome": "None", "interestExpense": "0", "nonInterestIncome": "None", "otherNonOperatingIncome": "None", "depreciation": "None", "depreciationAndAmortization": "2050000", "incomeBeforeTax": "-1872000", "incomeTaxExpense": "-696000", "interestAndDebtExpense": "None", "netIncomeFromContinuingOperations": "0", "comprehensiveIncomeNetOfTax": "None", "ebit": "-2298000", "ebitda": "-248000", "netIncome": "-1176000"}, {"fiscalDateEnding": "2009-09-30", "reportedCurrency": "USD", "grossProfit": "21619000", "totalRevenue": "50575000", "costOfRevenue": "28956000", "costofGoodsAndServicesSold": "28956000", "operatingIncome": "-3622000", "sellingGeneralAndAdministrative": "8930000", "researchAndDevelopment": "7662000", "operatingExpenses": "25241000", "investmentIncomeNet": "None", "netInterestIncome": "None", "interestIncome": "None", "interestExpense": "0", "nonInterestIncome": "None", "otherNonOperatingIncome": "None", "depreciation": "None", "depreciationAndAmortization": "1842000", "incomeBeforeTax": "-3137000", "incomeTaxExpense": "139000", "interestAndDebtExpense": "None", "netIncomeFromContinuingOperations": "0", "comprehensiveIncomeNetOfTax": "None", "ebit": "-3622000", "ebitda": "-1780000", "netIncome": "-3276000"}, {"fiscalDateEnding": "2009-06-30", "reportedCurrency": "USD", "grossProfit": "27090000", "totalRevenue": "58803000", "costOfRevenue": "31713000", "costofGoodsAndServicesSold": "31713000", "operatingIncome": "325000", "sellingGeneralAndAdministrative": "7710000", "researchAndDevelopment": "9185000", "operatingExpenses": "26765000", "investmentIncomeNet": "None", "netInterestIncome": "None", "interestIncome": "None", "interestExpense": "45000", "nonInterestIncome": "None", "otherNonOperatingIncome": "None", "depreciation": "None", "depreciationAndAmortization": "1668000", "incomeBeforeTax": "971000", "incomeTaxExpense": "-251000", "interestAndDebtExpense": "None", "netIncomeFromContinuingOperations": "0", "comprehensiveIncomeNetOfTax": "None", "ebit": "3417000", "ebitda": "5085000", "netIncome": "1222000"}, {"fiscalDateEnding": "2009-03-31", "reportedCurrency": "USD", "grossProfit": "30362000", "totalRevenue": "61301000", "costOfRevenue": "30939000", "costofGoodsAndServicesSold": "30939000", "operatingIncome": "862000", "sellingGeneralAndAdministrative": "8821000", "researchAndDevelopment": "9259000", "operatingExpenses": "29500000", "investmentIncomeNet": "None", "netInterestIncome": "None", "interestIncome": "None", "interestExpense": "0", "nonInterestIncome": "None", "otherNonOperatingIncome": "None", "depreciation": "None", "depreciationAndAmortization": "1679000", "incomeBeforeTax": "1437000", "incomeTaxExpense": "221000", "interestAndDebtExpense": "None", "netIncomeFromContinuingOperations": "0", "comprehensiveIncomeNetOfTax": "None", "ebit": "-817000", "ebitda": "862000", "netIncome": "1216000"}, {"fiscalDateEnding": "2008-12-31", "reportedCurrency": "USD", "grossProfit": "29409000", "totalRevenue": "57637000", "costOfRevenue": "28228000", "costofGoodsAndServicesSold": "28228000", "operatingIncome": "633000", "sellingGeneralAndAdministrative": "9259000", "researchAndDevelopment": "8794000", "operatingExpenses": "28776000", "investmentIncomeNet": "None", "netInterestIncome": "None", "interestIncome": "None", "interestExpense": "45000", "nonInterestIncome": "None", "otherNonOperatingIncome": "None", "depreciation": "None", "depreciationAndAmortization": "1666000", "incomeBeforeTax": "1381000", "incomeTaxExpense": "31000", "interestAndDebtExpense": "None", "netIncomeFromContinuingOperations": "0", "comprehensiveIncomeNetOfTax": "None", "ebit": "-1033000", "ebitda": "633000", "netIncome": "1350000"}, {"fiscalDateEnding": "2008-09-30", "reportedCurrency": "USD", "grossProfit": "28429000", "totalRevenue": "55857000", "costOfRevenue": "27428000", "costofGoodsAndServicesSold": "27428000", "operatingIncome": "-4238000", "sellingGeneralAndAdministrative": "10433000", "researchAndDevelopment": "8754000", "operatingExpenses": "32667000", "investmentIncomeNet": "None", "netInterestIncome": "None", "interestIncome": "None", "interestExpense": "45000", "nonInterestIncome": "None", "otherNonOperatingIncome": "None", "depreciation": "None", "depreciationAndAmortization": "1638000", "incomeBeforeTax": "-3125000", "incomeTaxExpense": "54000", "interestAndDebtExpense": "None", "netIncomeFromContinuingOperations": "0", "comprehensiveIncomeNetOfTax": "None", "ebit": "-4238000", "ebitda": "-2600000", "netIncome": "-3179000"}, {"fiscalDateEnding": "2008-06-30", "reportedCurrency": "USD", "grossProfit": "26896000", "totalRevenue": "50939000", "costOfRevenue": "24043000", "costofGoodsAndServicesSold": "24043000", "operatingIncome": "-580000", "sellingGeneralAndAdministrative": "8460000", "researchAndDevelopment": "8405000", "operatingExpenses": "27476000", "investmentIncomeNet": "None", "netInterestIncome": "None", "interestIncome": "None", "interestExpense": "2000", "nonInterestIncome": "None", "otherNonOperatingIncome": "None", "depreciation": "None", "depreciationAndAmortization": "1659000", "incomeBeforeTax": "450000", "incomeTaxExpense": "259000", "interestAndDebtExpense": "None", "netIncomeFromContinuingOperations": "0", "comprehensiveIncomeNetOfTax": "None", "ebit": "-580000", "ebitda": "1079000", "netIncome": "191000"}, {"fiscalDateEnding": "2008-03-31", "reportedCurrency": "USD", "grossProfit": "26283000", "totalRevenue": "58758000", "costOfRevenue": "32475000", "costofGoodsAndServicesSold": "32475000", "operatingIncome": "-1084000", "sellingGeneralAndAdministrative": "7943000", "researchAndDevelopment": "8632000", "operatingExpenses": "27367000", "investmentIncomeNet": "None", "netInterestIncome": "None", "interestIncome": "None", "interestExpense": "462000", "nonInterestIncome": "None", "otherNonOperatingIncome": "None", "depreciation": "None", "depreciationAndAmortization": "2126000", "incomeBeforeTax": "261000", "incomeTaxExpense": "-323000", "interestAndDebtExpense": "None", "netIncomeFromContinuingOperations": "0", "comprehensiveIncomeNetOfTax": "None", "ebit": "-1084000", "ebitda": "1042000", "netIncome": "584000"}, {"fiscalDateEnding": "2007-12-31", "reportedCurrency": "USD", "grossProfit": "27862000", "totalRevenue": "52038000", "costOfRevenue": "24176000", "costofGoodsAndServicesSold": "24176000", "operatingIncome": "591000", "sellingGeneralAndAdministrative": "7976000", "researchAndDevelopment": "8128000", "operatingExpenses": "27271000", "investmentIncomeNet": "None", "netInterestIncome": "None", "interestIncome": "None", "interestExpense": "135000", "nonInterestIncome": "None", "otherNonOperatingIncome": "None", "depreciation": "None", "depreciationAndAmortization": "2085000", "incomeBeforeTax": "2788000", "incomeTaxExpense": "445000", "interestAndDebtExpense": "None", "netIncomeFromContinuingOperations": "0", "comprehensiveIncomeNetOfTax": "None", "ebit": "-1494000", "ebitda": "591000", "netIncome": "2343000"}, {"fiscalDateEnding": "2007-09-30", "reportedCurrency": "USD", "grossProfit": "25911000", "totalRevenue": "48646000", "costOfRevenue": "22735000", "costofGoodsAndServicesSold": "22735000", "operatingIncome": "139000", "sellingGeneralAndAdministrative": "7901000", "researchAndDevelopment": "7715000", "operatingExpenses": "25772000", "investmentIncomeNet": "None", "netInterestIncome": "None", "interestIncome": "None", "interestExpense": "62000", "nonInterestIncome": "None", "otherNonOperatingIncome": "None", "depreciation": "None", "depreciationAndAmortization": "1818000", "incomeBeforeTax": "2751000", "incomeTaxExpense": "486000", "interestAndDebtExpense": "None", "netIncomeFromContinuingOperations": "0", "comprehensiveIncomeNetOfTax": "None", "ebit": "-1679000", "ebitda": "139000", "netIncome": "2265000"}, {"fiscalDateEnding": "2007-06-30", "reportedCurrency": "USD", "grossProfit": "24916000", "totalRevenue": "43994000", "costOfRevenue": "19078000", "costofGoodsAndServicesSold": "19078000", "operatingIncome": "-419000", "sellingGeneralAndAdministrative": "11679000", "researchAndDevelopment": "7510000", "operatingExpenses": "25335000", "investmentIncomeNet": "None", "netInterestIncome": "None", "interestIncome": "None", "interestExpense": "157000", "nonInterestIncome": "None", "otherNonOperatingIncome": "None", "depreciation": "None", "depreciationAndAmortization": "1782000", "incomeBeforeTax": "1761000", "incomeTaxExpense": "1259000", "interestAndDebtExpense": "None", "netIncomeFromContinuingOperations": "0", "comprehensiveIncomeNetOfTax": "None", "ebit": "-419000", "ebitda": "1363000", "netIncome": "502000"}, {"fiscalDateEnding": "2007-03-31", "reportedCurrency": "USD", "grossProfit": "21118000", "totalRevenue": "37340000", "costOfRevenue": "16222000", "costofGoodsAndServicesSold": "16222000", "operatingIncome": "-1763000", "sellingGeneralAndAdministrative": "6100000", "researchAndDevelopment": "6951000", "operatingExpenses": "22881000", "investmentIncomeNet": "None", "netInterestIncome": "None", "interestIncome": "None", "interestExpense": "96000", "nonInterestIncome": "None", "otherNonOperatingIncome": "None", "depreciation": "None", "depreciationAndAmortization": "1670000", "incomeBeforeTax": "-723000", "incomeTaxExpense": "62000", "interestAndDebtExpense": "None", "netIncomeFromContinuingOperations": "0", "comprehensiveIncomeNetOfTax": "None", "ebit": "-1763000", "ebitda": "-93000", "netIncome": "-785000"}, {"fiscalDateEnding": "2006-12-31", "reportedCurrency": "USD", "grossProfit": "14702000", "totalRevenue": "26347000", "costOfRevenue": "11645000", "costofGoodsAndServicesSold": "11645000", "operatingIncome": "-7330000", "sellingGeneralAndAdministrative": "6136000", "researchAndDevelopment": "6132000", "operatingExpenses": "22032000", "investmentIncomeNet": "None", "netInterestIncome": "None", "interestIncome": "None", "interestExpense": "64000", "nonInterestIncome": "None", "otherNonOperatingIncome": "None", "depreciation": "None", "depreciationAndAmortization": "1472000", "incomeBeforeTax": "-7227000", "incomeTaxExpense": "64000", "interestAndDebtExpense": "None", "netIncomeFromContinuingOperations": "0", "comprehensiveIncomeNetOfTax": "None", "ebit": "-7330000", "ebitda": "-5858000", "netIncome": "-7291000"}, {"fiscalDateEnding": "2006-09-30", "reportedCurrency": "USD", "grossProfit": "19303000", "totalRevenue": "32771000", "costOfRevenue": "13468000", "costofGoodsAndServicesSold": "13468000", "operatingIncome": "972000", "sellingGeneralAndAdministrative": "12149000", "researchAndDevelopment": "6182000", "operatingExpenses": "18331000", "investmentIncomeNet": "None", "netInterestIncome": "None", "interestIncome": "None", "interestExpense": "0", "nonInterestIncome": "None", "otherNonOperatingIncome": "None", "depreciation": "None", "depreciationAndAmortization": "1322000", "incomeBeforeTax": "1120000", "incomeTaxExpense": "59000", "interestAndDebtExpense": "None", "netIncomeFromContinuingOperations": "0", "comprehensiveIncomeNetOfTax": "None", "ebit": "972000", "ebitda": "2294000", "netIncome": "1958000"}, {"fiscalDateEnding": "2006-06-30", "reportedCurrency": "USD", "grossProfit": "16342000", "totalRevenue": "16342000", "costOfRevenue": "9738000", "costofGoodsAndServicesSold": "9738000", "operatingIncome": "-70047000", "sellingGeneralAndAdministrative": "18336000", "researchAndDevelopment": "4737000", "operatingExpenses": "-86389000", "investmentIncomeNet": "None", "netInterestIncome": "None", "interestIncome": "None", "interestExpense": "324000", "nonInterestIncome": "None", "otherNonOperatingIncome": "None", "depreciation": "None", "depreciationAndAmortization": "None", "incomeBeforeTax": "0", "incomeTaxExpense": "7828000", "interestAndDebtExpense": "None", "netIncomeFromContinuingOperations": "0", "comprehensiveIncomeNetOfTax": "None", "ebit": "0", "ebitda": "-70047000", "netIncome": "-7828000"}, {"fiscalDateEnding": "2006-03-31", "reportedCurrency": "USD", "grossProfit": "16342000", "totalRevenue": "16342000", "costOfRevenue": "8523000", "costofGoodsAndServicesSold": "8523000", "operatingIncome": "16342000", "sellingGeneralAndAdministrative": "14312000", "researchAndDevelopment": "4141000", "operatingExpenses": "24000000", "investmentIncomeNet": "None", "netInterestIncome": "None", "interestIncome": "None", "interestExpense": "0", "nonInterestIncome": "None", "otherNonOperatingIncome": "None", "depreciation": "None", "depreciationAndAmortization": "None", "incomeBeforeTax": "0", "incomeTaxExpense": "7828000", "interestAndDebtExpense": "None", "netIncomeFromContinuingOperations": "0", "comprehensiveIncomeNetOfTax": "None", "ebit": "0", "ebitda": "16342000", "netIncome": "-7828000"}, {"fiscalDateEnding": "2005-12-31", "reportedCurrency": "USD", "grossProfit": "16342000", "totalRevenue": "16342000", "costOfRevenue": "4126000", "costofGoodsAndServicesSold": "4126000", "operatingIncome": "16342000", "sellingGeneralAndAdministrative": "14207000", "researchAndDevelopment": "4366000", "operatingExpenses": "19000000", "investmentIncomeNet": "None", "netInterestIncome": "None", "interestIncome": "None", "interestExpense": "0", "nonInterestIncome": "None", "otherNonOperatingIncome": "None", "depreciation": "None", "depreciationAndAmortization": "None", "incomeBeforeTax": "0", "incomeTaxExpense": "7828000", "interestAndDebtExpense": "None", "netIncomeFromContinuingOperations": "0", "comprehensiveIncomeNetOfTax": "None", "ebit": "0", "ebitda": "16342000", "netIncome": "-7828000"}]}