{"symbol": "ADAMG", "annualReports": [{"fiscalDateEnding": "2024-12-31", "reportedCurrency": "None", "grossProfit": "238284000", "totalRevenue": "558916000", "costOfRevenue": "320632000", "costofGoodsAndServicesSold": "320632000", "operatingIncome": "-92917000", "sellingGeneralAndAdministrative": "42781000", "researchAndDevelopment": "None", "operatingExpenses": "331201000", "investmentIncomeNet": "None", "netInterestIncome": "None", "interestIncome": "None", "interestExpense": "317425000", "nonInterestIncome": "None", "otherNonOperatingIncome": "None", "depreciation": "None", "depreciationAndAmortization": "60041000", "incomeBeforeTax": "-92917000", "incomeTaxExpense": "1036000", "interestAndDebtExpense": "None", "netIncomeFromContinuingOperations": "None", "comprehensiveIncomeNetOfTax": "None", "ebit": "-92917000", "ebitda": "-32876000", "netIncome": "-62029000"}, {"fiscalDateEnding": "2023-12-31", "reportedCurrency": "None", "grossProfit": "308667000", "totalRevenue": "500801000", "costOfRevenue": "192134000", "costofGoodsAndServicesSold": "192134000", "operatingIncome": "-77724000", "sellingGeneralAndAdministrative": "44817000", "researchAndDevelopment": "None", "operatingExpenses": "386391000", "investmentIncomeNet": "None", "netInterestIncome": "None", "interestIncome": "None", "interestExpense": "192134000", "nonInterestIncome": "None", "otherNonOperatingIncome": "None", "depreciation": "None", "depreciationAndAmortization": "52120000", "incomeBeforeTax": "-77724000", "incomeTaxExpense": "75000", "interestAndDebtExpense": "None", "netIncomeFromContinuingOperations": "None", "comprehensiveIncomeNetOfTax": "None", "ebit": "-77724000", "ebitda": "-25604000", "netIncome": "-48665000"}, {"fiscalDateEnding": "2022-12-31", "reportedCurrency": "None", "grossProfit": "8691000", "totalRevenue": "138110000", "costOfRevenue": "129419000", "costofGoodsAndServicesSold": "129419000", "operatingIncome": "-340107000", "sellingGeneralAndAdministrative": "47669000", "researchAndDevelopment": "None", "operatingExpenses": "348798000", "investmentIncomeNet": "None", "netInterestIncome": "None", "interestIncome": "None", "interestExpense": "129419000", "nonInterestIncome": "None", "otherNonOperatingIncome": "None", "depreciation": "None", "depreciationAndAmortization": "152961000", "incomeBeforeTax": "-340107000", "incomeTaxExpense": "542000", "interestAndDebtExpense": "None", "netIncomeFromContinuingOperations": "None", "comprehensiveIncomeNetOfTax": "None", "ebit": "-340107000", "ebitda": "-187146000", "netIncome": "-298605000"}, {"fiscalDateEnding": "2021-12-31", "reportedCurrency": "None", "grossProfit": "300906000", "totalRevenue": "380190000", "costOfRevenue": "79284000", "costofGoodsAndServicesSold": "79284000", "operatingIncome": "190934000", "sellingGeneralAndAdministrative": "45440000", "researchAndDevelopment": "None", "operatingExpenses": "109972000", "investmentIncomeNet": "None", "netInterestIncome": "None", "interestIncome": "None", "interestExpense": "79284000", "nonInterestIncome": "None", "otherNonOperatingIncome": "None", "depreciation": "None", "depreciationAndAmortization": "51386000", "incomeBeforeTax": "190934000", "incomeTaxExpense": "2458000", "interestAndDebtExpense": "None", "netIncomeFromContinuingOperations": "None", "comprehensiveIncomeNetOfTax": "None", "ebit": "190934000", "ebitda": "242320000", "netIncome": "193200000"}, {"fiscalDateEnding": "2020-12-31", "reportedCurrency": "None", "grossProfit": "135642000", "totalRevenue": "147977000", "costOfRevenue": "12335000", "costofGoodsAndServicesSold": "12335000", "operatingIncome": "-66747000", "sellingGeneralAndAdministrative": "None", "researchAndDevelopment": "None", "operatingExpenses": "None", "investmentIncomeNet": "None", "netInterestIncome": "None", "interestIncome": "None", "interestExpense": "None", "nonInterestIncome": "None", "otherNonOperatingIncome": "None", "depreciation": "None", "depreciationAndAmortization": "None", "incomeBeforeTax": "-287262000", "incomeTaxExpense": "981000", "interestAndDebtExpense": "None", "netIncomeFromContinuingOperations": "None", "comprehensiveIncomeNetOfTax": "None", "ebit": "None", "ebitda": "-66747000", "netIncome": "-288510000"}], "quarterlyReports": [{"fiscalDateEnding": "2025-09-30", "reportedCurrency": "None", "grossProfit": "102499000", "totalRevenue": "226546000", "costOfRevenue": "124047000", "costofGoodsAndServicesSold": "124047000", "operatingIncome": "39487000", "sellingGeneralAndAdministrative": "21630000", "researchAndDevelopment": "None", "operatingExpenses": "63012000", "investmentIncomeNet": "None", "netInterestIncome": "None", "interestIncome": "None", "interestExpense": "124047000", "nonInterestIncome": "None", "otherNonOperatingIncome": "None", "depreciation": "None", "depreciationAndAmortization": "10375000", "incomeBeforeTax": "39487000", "incomeTaxExpense": "-298000", "interestAndDebtExpense": "None", "netIncomeFromContinuingOperations": "None", "comprehensiveIncomeNetOfTax": "None", "ebit": "39487000", "ebitda": "49862000", "netIncome": "44820000"}, {"fiscalDateEnding": "2025-06-30", "reportedCurrency": "None", "grossProfit": "52364000", "totalRevenue": "156818000", "costOfRevenue": "104454000", "costofGoodsAndServicesSold": "104454000", "operatingIncome": "4279000", "sellingGeneralAndAdministrative": "10536000", "researchAndDevelopment": "None", "operatingExpenses": "48085000", "investmentIncomeNet": "None", "netInterestIncome": "None", "interestIncome": "None", "interestExpense": "104454000", "nonInterestIncome": "None", "otherNonOperatingIncome": "None", "depreciation": "None", "depreciationAndAmortization": "10104000", "incomeBeforeTax": "4279000", "incomeTaxExpense": "-161000", "interestAndDebtExpense": "None", "netIncomeFromContinuingOperations": "None", "comprehensiveIncomeNetOfTax": "None", "ebit": "4279000", "ebitda": "14383000", "netIncome": "8546000"}, {"fiscalDateEnding": "2025-03-31", "reportedCurrency": "None", "grossProfit": "90543000", "totalRevenue": "187179000", "costOfRevenue": "96636000", "costofGoodsAndServicesSold": "96636000", "operatingIncome": "37713000", "sellingGeneralAndAdministrative": "11226000", "researchAndDevelopment": "None", "operatingExpenses": "52830000", "investmentIncomeNet": "None", "netInterestIncome": "None", "interestIncome": "None", "interestExpense": "96636000", "nonInterestIncome": "None", "otherNonOperatingIncome": "None", "depreciation": "None", "depreciationAndAmortization": "10645000", "incomeBeforeTax": "37713000", "incomeTaxExpense": "648000", "interestAndDebtExpense": "None", "netIncomeFromContinuingOperations": "None", "comprehensiveIncomeNetOfTax": "None", "ebit": "37713000", "ebitda": "48358000", "netIncome": "42155000"}, {"fiscalDateEnding": "2024-12-31", "reportedCurrency": "None", "grossProfit": "38050000", "totalRevenue": "129592000", "costOfRevenue": "91542000", "costofGoodsAndServicesSold": "91542000", "operatingIncome": "-31799000", "sellingGeneralAndAdministrative": "10465000", "researchAndDevelopment": "None", "operatingExpenses": "69849000", "investmentIncomeNet": "None", "netInterestIncome": "None", "interestIncome": "None", "interestExpense": "91542000", "nonInterestIncome": "None", "otherNonOperatingIncome": "None", "depreciation": "None", "depreciationAndAmortization": "12426000", "incomeBeforeTax": "-31799000", "incomeTaxExpense": "-1520000", "interestAndDebtExpense": "None", "netIncomeFromContinuingOperations": "None", "comprehensiveIncomeNetOfTax": "None", "ebit": "-31799000", "ebitda": "-19373000", "netIncome": "-31389000"}, {"fiscalDateEnding": "2024-09-30", "reportedCurrency": "None", "grossProfit": "93662000", "totalRevenue": "181786000", "costOfRevenue": "88124000", "costofGoodsAndServicesSold": "88124000", "operatingIncome": "42791000", "sellingGeneralAndAdministrative": "10729000", "researchAndDevelopment": "None", "operatingExpenses": "50871000", "investmentIncomeNet": "None", "netInterestIncome": "None", "interestIncome": "None", "interestExpense": "88124000", "nonInterestIncome": "None", "otherNonOperatingIncome": "None", "depreciation": "None", "depreciationAndAmortization": "13826000", "incomeBeforeTax": "42791000", "incomeTaxExpense": "2325000", "interestAndDebtExpense": "None", "netIncomeFromContinuingOperations": "None", "comprehensiveIncomeNetOfTax": "None", "ebit": "42791000", "ebitda": "56617000", "netIncome": "42849000"}, {"fiscalDateEnding": "2024-06-30", "reportedCurrency": "None", "grossProfit": "53128000", "totalRevenue": "124859000", "costOfRevenue": "71731000", "costofGoodsAndServicesSold": "71731000", "operatingIncome": "-23741000", "sellingGeneralAndAdministrative": "10157000", "researchAndDevelopment": "None", "operatingExpenses": "76869000", "investmentIncomeNet": "None", "netInterestIncome": "None", "interestIncome": "None", "interestExpense": "71731000", "nonInterestIncome": "None", "otherNonOperatingIncome": "None", "depreciation": "None", "depreciationAndAmortization": "18902000", "incomeBeforeTax": "-23741000", "incomeTaxExpense": "342000", "interestAndDebtExpense": "None", "netIncomeFromContinuingOperations": "None", "comprehensiveIncomeNetOfTax": "None", "ebit": "-23741000", "ebitda": "-4839000", "netIncome": "-15589000"}, {"fiscalDateEnding": "2024-03-31", "reportedCurrency": "None", "grossProfit": "49905000", "totalRevenue": "115637000", "costOfRevenue": "65732000", "costofGoodsAndServicesSold": "65732000", "operatingIncome": "39338000", "sellingGeneralAndAdministrative": "11430000", "researchAndDevelopment": "None", "operatingExpenses": "133612000", "investmentIncomeNet": "None", "netInterestIncome": "None", "interestIncome": "None", "interestExpense": "66028000", "nonInterestIncome": "None", "otherNonOperatingIncome": "None", "depreciation": "None", "depreciationAndAmortization": "12576000", "incomeBeforeTax": "-80170000", "incomeTaxExpense": "-111000", "interestAndDebtExpense": "None", "netIncomeFromContinuingOperations": "None", "comprehensiveIncomeNetOfTax": "None", "ebit": "39338000", "ebitda": "51914000", "netIncome": "-57901000"}, {"fiscalDateEnding": "2023-12-31", "reportedCurrency": "None", "grossProfit": "24421000", "totalRevenue": "80161000", "costOfRevenue": "55740000", "costofGoodsAndServicesSold": "55740000", "operatingIncome": "101688000", "sellingGeneralAndAdministrative": "None", "researchAndDevelopment": "None", "operatingExpenses": "None", "investmentIncomeNet": "None", "netInterestIncome": "None", "interestIncome": "None", "interestExpense": "None", "nonInterestIncome": "None", "otherNonOperatingIncome": "None", "depreciation": "None", "depreciationAndAmortization": "6249000", "incomeBeforeTax": "32865000", "incomeTaxExpense": "134000", "interestAndDebtExpense": "None", "netIncomeFromContinuingOperations": "None", "comprehensiveIncomeNetOfTax": "None", "ebit": "101688000", "ebitda": "107937000", "netIncome": "41908000"}]}