{"symbol": "AIFF", "annualReports": [{"fiscalDateEnding": "2024-12-31", "reportedCurrency": "USD", "grossProfit": "41000", "totalRevenue": "108000", "costOfRevenue": "67000", "costofGoodsAndServicesSold": "67000", "operatingIncome": "-9180000", "sellingGeneralAndAdministrative": "6133000", "researchAndDevelopment": "1954000", "operatingExpenses": "9221000", "investmentIncomeNet": "None", "netInterestIncome": "-69000", "interestIncome": "None", "interestExpense": "69000", "nonInterestIncome": "None", "otherNonOperatingIncome": "None", "depreciation": "None", "depreciationAndAmortization": "67000", "incomeBeforeTax": "-10458000", "incomeTaxExpense": "2000", "interestAndDebtExpense": "None", "netIncomeFromContinuingOperations": "-10460000", "comprehensiveIncomeNetOfTax": "None", "ebit": "-10389000", "ebitda": "-10322000", "netIncome": "-10460000"}, {"fiscalDateEnding": "2023-12-31", "reportedCurrency": "USD", "grossProfit": "498000", "totalRevenue": "498000", "costOfRevenue": "None", "costofGoodsAndServicesSold": "None", "operatingIncome": "-3078000", "sellingGeneralAndAdministrative": "2196000", "researchAndDevelopment": "741000", "operatingExpenses": "3576000", "investmentIncomeNet": "None", "netInterestIncome": "-18000", "interestIncome": "None", "interestExpense": "18000", "nonInterestIncome": "None", "otherNonOperatingIncome": "None", "depreciation": "None", "depreciationAndAmortization": "None", "incomeBeforeTax": "-2602000", "incomeTaxExpense": "1000", "interestAndDebtExpense": "None", "netIncomeFromContinuingOperations": "-2603000", "comprehensiveIncomeNetOfTax": "None", "ebit": "-3078000", "ebitda": "-2584000", "netIncome": "-2603000"}, {"fiscalDateEnding": "2022-12-31", "reportedCurrency": "USD", "grossProfit": "0", "totalRevenue": "0", "costOfRevenue": "0", "costofGoodsAndServicesSold": "0", "operatingIncome": "-3329000", "sellingGeneralAndAdministrative": "1915000", "researchAndDevelopment": "1272000", "operatingExpenses": "3329000", "investmentIncomeNet": "None", "netInterestIncome": "-574000", "interestIncome": "None", "interestExpense": "574000", "nonInterestIncome": "None", "otherNonOperatingIncome": "None", "depreciation": "None", "depreciationAndAmortization": "14000", "incomeBeforeTax": "-3789000", "incomeTaxExpense": "None", "interestAndDebtExpense": "None", "netIncomeFromContinuingOperations": "-3789000", "comprehensiveIncomeNetOfTax": "None", "ebit": "-3215000", "ebitda": "-3201000", "netIncome": "-3789000"}, {"fiscalDateEnding": "2021-12-31", "reportedCurrency": "USD", "grossProfit": "32000", "totalRevenue": "32000", "costOfRevenue": "0", "costofGoodsAndServicesSold": "0", "operatingIncome": "-4654000", "sellingGeneralAndAdministrative": "1661000", "researchAndDevelopment": "2926000", "operatingExpenses": "4686000", "investmentIncomeNet": "None", "netInterestIncome": "-135000", "interestIncome": "None", "interestExpense": "135000", "nonInterestIncome": "None", "otherNonOperatingIncome": "None", "depreciation": "None", "depreciationAndAmortization": "429000", "incomeBeforeTax": "-4381000", "incomeTaxExpense": "None", "interestAndDebtExpense": "None", "netIncomeFromContinuingOperations": "-4381000", "comprehensiveIncomeNetOfTax": "None", "ebit": "-4246000", "ebitda": "-3817000", "netIncome": "-4381000"}, {"fiscalDateEnding": "2020-12-31", "reportedCurrency": "None", "grossProfit": "2209333", "totalRevenue": "13903071", "costOfRevenue": "11693738", "costofGoodsAndServicesSold": "11693738", "operatingIncome": "411848", "sellingGeneralAndAdministrative": "None", "researchAndDevelopment": "None", "operatingExpenses": "1797485", "investmentIncomeNet": "None", "netInterestIncome": "None", "interestIncome": "None", "interestExpense": "None", "nonInterestIncome": "None", "otherNonOperatingIncome": "None", "depreciation": "None", "depreciationAndAmortization": "12062", "incomeBeforeTax": "413379", "incomeTaxExpense": "None", "interestAndDebtExpense": "None", "netIncomeFromContinuingOperations": "None", "comprehensiveIncomeNetOfTax": "None", "ebit": "413378", "ebitda": "425440", "netIncome": "413379"}], "quarterlyReports": [{"fiscalDateEnding": "2025-09-30", "reportedCurrency": "USD", "grossProfit": "146000", "totalRevenue": "388000", "costOfRevenue": "242000", "costofGoodsAndServicesSold": "242000", "operatingIncome": "-2656000", "sellingGeneralAndAdministrative": "2007000", "researchAndDevelopment": "378000", "operatingExpenses": "2802000", "investmentIncomeNet": "None", "netInterestIncome": "19000", "interestIncome": "29000", "interestExpense": "10000", "nonInterestIncome": "None", "otherNonOperatingIncome": "None", "depreciation": "None", "depreciationAndAmortization": "101000", "incomeBeforeTax": "-2639000", "incomeTaxExpense": "None", "interestAndDebtExpense": "None", "netIncomeFromContinuingOperations": "-2639000", "comprehensiveIncomeNetOfTax": "None", "ebit": "-2504000", "ebitda": "-2403000", "netIncome": "-2639000"}, {"fiscalDateEnding": "2025-06-30", "reportedCurrency": "USD", "grossProfit": "274000", "totalRevenue": "299000", "costOfRevenue": "25000", "costofGoodsAndServicesSold": "25000", "operatingIncome": "-1634000", "sellingGeneralAndAdministrative": "1373000", "researchAndDevelopment": "336000", "operatingExpenses": "1908000", "investmentIncomeNet": "None", "netInterestIncome": "15000", "interestIncome": "30000", "interestExpense": "15000", "nonInterestIncome": "None", "otherNonOperatingIncome": "None", "depreciation": "None", "depreciationAndAmortization": "43000", "incomeBeforeTax": "-1829000", "incomeTaxExpense": "4000", "interestAndDebtExpense": "None", "netIncomeFromContinuingOperations": "-1833000", "comprehensiveIncomeNetOfTax": "None", "ebit": "-1814000", "ebitda": "-1771000", "netIncome": "-1833000"}, {"fiscalDateEnding": "2025-03-31", "reportedCurrency": "USD", "grossProfit": "43000", "totalRevenue": "43000", "costOfRevenue": "None", "costofGoodsAndServicesSold": "None", "operatingIncome": "-2065000", "sellingGeneralAndAdministrative": "1588000", "researchAndDevelopment": "312000", "operatingExpenses": "2108000", "investmentIncomeNet": "None", "netInterestIncome": "-128000", "interestIncome": "None", "interestExpense": "128000", "nonInterestIncome": "None", "otherNonOperatingIncome": "None", "depreciation": "None", "depreciationAndAmortization": "19000", "incomeBeforeTax": "-12930000", "incomeTaxExpense": "None", "interestAndDebtExpense": "None", "netIncomeFromContinuingOperations": "-12930000", "comprehensiveIncomeNetOfTax": "None", "ebit": "-12802000", "ebitda": "-12783000", "netIncome": "-12930000"}, {"fiscalDateEnding": "2024-12-31", "reportedCurrency": "USD", "grossProfit": "53000", "totalRevenue": "53000", "costOfRevenue": "59000", "costofGoodsAndServicesSold": "59000", "operatingIncome": "-3436000", "sellingGeneralAndAdministrative": "1950000", "researchAndDevelopment": "437000", "operatingExpenses": "3489000", "investmentIncomeNet": "None", "netInterestIncome": "-33000", "interestIncome": "None", "interestExpense": "33000", "nonInterestIncome": "None", "otherNonOperatingIncome": "None", "depreciation": "None", "depreciationAndAmortization": "4000", "incomeBeforeTax": "-3783000", "incomeTaxExpense": "2000", "interestAndDebtExpense": "None", "netIncomeFromContinuingOperations": "-3785000", "comprehensiveIncomeNetOfTax": "None", "ebit": "-2562000", "ebitda": "-2558000", "netIncome": "-3785000"}, {"fiscalDateEnding": "2024-09-30", "reportedCurrency": "USD", "grossProfit": "-1439000", "totalRevenue": "33000", "costOfRevenue": "1472000", "costofGoodsAndServicesSold": "1472000", "operatingIncome": "-4268000", "sellingGeneralAndAdministrative": "1907000", "researchAndDevelopment": "878000", "operatingExpenses": "2829000", "investmentIncomeNet": "None", "netInterestIncome": "-24000", "interestIncome": "0", "interestExpense": "24000", "nonInterestIncome": "None", "otherNonOperatingIncome": "None", "depreciation": "None", "depreciationAndAmortization": "4000", "incomeBeforeTax": "-4289000", "incomeTaxExpense": "None", "interestAndDebtExpense": "None", "netIncomeFromContinuingOperations": "-4289000", "comprehensiveIncomeNetOfTax": "None", "ebit": "-4265000", "ebitda": "-4261000", "netIncome": "-4289000"}, {"fiscalDateEnding": "2024-06-30", "reportedCurrency": "USD", "grossProfit": "682695", "totalRevenue": "1903602", "costOfRevenue": "1220907", "costofGoodsAndServicesSold": "1220907", "operatingIncome": "-382070", "sellingGeneralAndAdministrative": "948356", "researchAndDevelopment": "350000", "operatingExpenses": "1064765", "investmentIncomeNet": "None", "netInterestIncome": "-10367", "interestIncome": "0", "interestExpense": "10367", "nonInterestIncome": "None", "otherNonOperatingIncome": "None", "depreciation": "None", "depreciationAndAmortization": "42336", "incomeBeforeTax": "-389697", "incomeTaxExpense": "None", "interestAndDebtExpense": "None", "netIncomeFromContinuingOperations": "-389697", "comprehensiveIncomeNetOfTax": "None", "ebit": "-379330", "ebitda": "-336994", "netIncome": "-389697"}, {"fiscalDateEnding": "2024-03-31", "reportedCurrency": "USD", "grossProfit": "12000", "totalRevenue": "12000", "costOfRevenue": "1268546", "costofGoodsAndServicesSold": "1268546", "operatingIncome": "-1091000", "sellingGeneralAndAdministrative": "565000", "researchAndDevelopment": "289000", "operatingExpenses": "1103000", "investmentIncomeNet": "None", "netInterestIncome": "-2000", "interestIncome": "None", "interestExpense": "2000", "nonInterestIncome": "None", "otherNonOperatingIncome": "None", "depreciation": "None", "depreciationAndAmortization": "82126", "incomeBeforeTax": "-1122000", "incomeTaxExpense": "None", "interestAndDebtExpense": "None", "netIncomeFromContinuingOperations": "-1122000", "comprehensiveIncomeNetOfTax": "None", "ebit": "-663212", "ebitda": "-1120000", "netIncome": "-1122000"}, {"fiscalDateEnding": "2023-12-31", "reportedCurrency": "USD", "grossProfit": "19000", "totalRevenue": "19000", "costOfRevenue": "None", "costofGoodsAndServicesSold": "None", "operatingIncome": "-1567000", "sellingGeneralAndAdministrative": "931000", "researchAndDevelopment": "29000", "operatingExpenses": "1586000", "investmentIncomeNet": "None", "netInterestIncome": "-5000", "interestIncome": "None", "interestExpense": "5000", "nonInterestIncome": "None", "otherNonOperatingIncome": "None", "depreciation": "None", "depreciationAndAmortization": "None", "incomeBeforeTax": "-1076000", "incomeTaxExpense": "1000", "interestAndDebtExpense": "None", "netIncomeFromContinuingOperations": "-1077000", "comprehensiveIncomeNetOfTax": "None", "ebit": "-1567000", "ebitda": "-1071000", "netIncome": "-1077000"}, {"fiscalDateEnding": "2023-09-30", "reportedCurrency": "USD", "grossProfit": "23000", "totalRevenue": "23000", "costOfRevenue": "54000", "costofGoodsAndServicesSold": "54000", "operatingIncome": "-647000", "sellingGeneralAndAdministrative": "183000", "researchAndDevelopment": "392000", "operatingExpenses": "670000", "investmentIncomeNet": "None", "netInterestIncome": "-3000", "interestIncome": "None", "interestExpense": "3000", "nonInterestIncome": "None", "otherNonOperatingIncome": "None", "depreciation": "None", "depreciationAndAmortization": "3500", "incomeBeforeTax": "-650000", "incomeTaxExpense": "None", "interestAndDebtExpense": "None", "netIncomeFromContinuingOperations": "-650000", "comprehensiveIncomeNetOfTax": "None", "ebit": "-647000", "ebitda": "-643500", "netIncome": "-650000"}, {"fiscalDateEnding": "2023-06-30", "reportedCurrency": "USD", "grossProfit": "705013", "totalRevenue": "2024622", "costOfRevenue": "1319609", "costofGoodsAndServicesSold": "1319609", "operatingIncome": "493116", "sellingGeneralAndAdministrative": "1272522", "researchAndDevelopment": "None", "operatingExpenses": "211897", "investmentIncomeNet": "None", "netInterestIncome": "-36809", "interestIncome": "None", "interestExpense": "36809", "nonInterestIncome": "None", "otherNonOperatingIncome": "None", "depreciation": "None", "depreciationAndAmortization": "53669", "incomeBeforeTax": "456438", "incomeTaxExpense": "221653", "interestAndDebtExpense": "None", "netIncomeFromContinuingOperations": "234785", "comprehensiveIncomeNetOfTax": "None", "ebit": "493247", "ebitda": "546916", "netIncome": "234785"}, {"fiscalDateEnding": "2022-12-31", "reportedCurrency": "USD", "grossProfit": "None", "totalRevenue": "0", "costOfRevenue": "None", "costofGoodsAndServicesSold": "None", "operatingIncome": "-758000", "sellingGeneralAndAdministrative": "420000", "researchAndDevelopment": "325000", "operatingExpenses": "758000", "investmentIncomeNet": "None", "netInterestIncome": "-48000", "interestIncome": "None", "interestExpense": "48000", "nonInterestIncome": "None", "otherNonOperatingIncome": "None", "depreciation": "None", "depreciationAndAmortization": "None", "incomeBeforeTax": "-802000", "incomeTaxExpense": "None", "interestAndDebtExpense": "None", "netIncomeFromContinuingOperations": "-802000", "comprehensiveIncomeNetOfTax": "None", "ebit": "-758000", "ebitda": "-754000", "netIncome": "-802000"}]}