{"symbol": "AIXI", "annualReports": [{"fiscalDateEnding": "2024-12-31", "reportedCurrency": "USD", "grossProfit": "48049547", "totalRevenue": "70314315", "costOfRevenue": "22264768", "costofGoodsAndServicesSold": "22264768", "operatingIncome": "-12871034", "sellingGeneralAndAdministrative": "22940916", "researchAndDevelopment": "34658779", "operatingExpenses": "60920581", "investmentIncomeNet": "None", "netInterestIncome": "-2319820", "interestIncome": "None", "interestExpense": "2319820", "nonInterestIncome": "None", "otherNonOperatingIncome": "None", "depreciation": "None", "depreciationAndAmortization": "1144276", "incomeBeforeTax": "-14551328", "incomeTaxExpense": "None", "interestAndDebtExpense": "None", "netIncomeFromContinuingOperations": "-14551328", "comprehensiveIncomeNetOfTax": "None", "ebit": "-12231508", "ebitda": "-11087232", "netIncome": "-14505464"}, {"fiscalDateEnding": "2023-12-31", "reportedCurrency": "USD", "grossProfit": "39423570", "totalRevenue": "59165259", "costOfRevenue": "19741689", "costofGoodsAndServicesSold": "19741689", "operatingIncome": "-21922182", "sellingGeneralAndAdministrative": "4407215", "researchAndDevelopment": "52387540", "operatingExpenses": "61345752", "investmentIncomeNet": "None", "netInterestIncome": "-2323341", "interestIncome": "None", "interestExpense": "2323341", "nonInterestIncome": "None", "otherNonOperatingIncome": "None", "depreciation": "None", "depreciationAndAmortization": "1308743", "incomeBeforeTax": "-23218076", "incomeTaxExpense": "3787692", "interestAndDebtExpense": "None", "netIncomeFromContinuingOperations": "-27005768", "comprehensiveIncomeNetOfTax": "None", "ebit": "-20894735", "ebitda": "-19585992", "netIncome": "-26461807"}, {"fiscalDateEnding": "2022-12-31", "reportedCurrency": "USD", "grossProfit": "30805814", "totalRevenue": "48184958", "costOfRevenue": "17379144", "costofGoodsAndServicesSold": "17379144", "operatingIncome": "-3135779", "sellingGeneralAndAdministrative": "6028637", "researchAndDevelopment": "24001138", "operatingExpenses": "33941593", "investmentIncomeNet": "None", "netInterestIncome": "-2440815", "interestIncome": "None", "interestExpense": "2440815", "nonInterestIncome": "None", "otherNonOperatingIncome": "None", "depreciation": "None", "depreciationAndAmortization": "895113", "incomeBeforeTax": "-5344659", "incomeTaxExpense": "660655", "interestAndDebtExpense": "None", "netIncomeFromContinuingOperations": "-6005314", "comprehensiveIncomeNetOfTax": "None", "ebit": "-2903844", "ebitda": "-2008731", "netIncome": "-5898535"}, {"fiscalDateEnding": "2021-12-31", "reportedCurrency": "USD", "grossProfit": "21638282", "totalRevenue": "32524013", "costOfRevenue": "10885731", "costofGoodsAndServicesSold": "10885731", "operatingIncome": "4997009", "sellingGeneralAndAdministrative": "6657251", "researchAndDevelopment": "5363909", "operatingExpenses": "16641273", "investmentIncomeNet": "None", "netInterestIncome": "-1866831", "interestIncome": "None", "interestExpense": "1866831", "nonInterestIncome": "None", "otherNonOperatingIncome": "None", "depreciation": "None", "depreciationAndAmortization": "1260090", "incomeBeforeTax": "3917357", "incomeTaxExpense": "552355", "interestAndDebtExpense": "None", "netIncomeFromContinuingOperations": "3365002", "comprehensiveIncomeNetOfTax": "None", "ebit": "5784188", "ebitda": "7044278", "netIncome": "3677813"}, {"fiscalDateEnding": "2020-12-31", "reportedCurrency": "USD", "grossProfit": "6628688", "totalRevenue": "13856734", "costOfRevenue": "7228046", "costofGoodsAndServicesSold": "7228046", "operatingIncome": "-7869580", "sellingGeneralAndAdministrative": "5694785", "researchAndDevelopment": "4236723", "operatingExpenses": "14498268", "investmentIncomeNet": "None", "netInterestIncome": "-1026636", "interestIncome": "None", "interestExpense": "1026636", "nonInterestIncome": "None", "otherNonOperatingIncome": "None", "depreciation": "None", "depreciationAndAmortization": "1552049", "incomeBeforeTax": "-7291896", "incomeTaxExpense": "-235854", "interestAndDebtExpense": "None", "netIncomeFromContinuingOperations": "-7056042", "comprehensiveIncomeNetOfTax": "None", "ebit": "-6068184", "ebitda": "-4516135", "netIncome": "-6808365"}], "quarterlyReports": [{"fiscalDateEnding": "2025-09-30", "reportedCurrency": "None", "grossProfit": "6707760", "totalRevenue": "11545218", "costOfRevenue": "4837458", "costofGoodsAndServicesSold": "4837458", "operatingIncome": "-29425678", "sellingGeneralAndAdministrative": "None", "researchAndDevelopment": "24130108", "operatingExpenses": "36133438", "investmentIncomeNet": "None", "netInterestIncome": "None", "interestIncome": "None", "interestExpense": "1227048", "nonInterestIncome": "None", "otherNonOperatingIncome": "None", "depreciation": "None", "depreciationAndAmortization": "505759", "incomeBeforeTax": "-30464513", "incomeTaxExpense": "None", "interestAndDebtExpense": "None", "netIncomeFromContinuingOperations": "None", "comprehensiveIncomeNetOfTax": "None", "ebit": "-29220198", "ebitda": "-28714439", "netIncome": "-30199501"}, {"fiscalDateEnding": "2025-03-31", "reportedCurrency": "None", "grossProfit": "13391143", "totalRevenue": "18680275", "costOfRevenue": "5289132", "costofGoodsAndServicesSold": "5289132", "operatingIncome": "981677", "sellingGeneralAndAdministrative": "7799519", "researchAndDevelopment": "3880772", "operatingExpenses": "12409466", "investmentIncomeNet": "None", "netInterestIncome": "None", "interestIncome": "None", "interestExpense": "None", "nonInterestIncome": "None", "otherNonOperatingIncome": "None", "depreciation": "None", "depreciationAndAmortization": "122583", "incomeBeforeTax": "495574", "incomeTaxExpense": "None", "interestAndDebtExpense": "None", "netIncomeFromContinuingOperations": "None", "comprehensiveIncomeNetOfTax": "None", "ebit": "981677", "ebitda": "1104260", "netIncome": "497263"}, {"fiscalDateEnding": "2024-12-31", "reportedCurrency": "None", "grossProfit": "26782286", "totalRevenue": "37360550", "costOfRevenue": "10578264", "costofGoodsAndServicesSold": "10578264", "operatingIncome": "1963354", "sellingGeneralAndAdministrative": "15599038", "researchAndDevelopment": "7761544", "operatingExpenses": "24818932", "investmentIncomeNet": "None", "netInterestIncome": "None", "interestIncome": "None", "interestExpense": "1382446", "nonInterestIncome": "None", "otherNonOperatingIncome": "None", "depreciation": "None", "depreciationAndAmortization": "245166", "incomeBeforeTax": "991148", "incomeTaxExpense": "None", "interestAndDebtExpense": "None", "netIncomeFromContinuingOperations": "None", "comprehensiveIncomeNetOfTax": "None", "ebit": "1963354", "ebitda": "2208520", "netIncome": "994526"}, {"fiscalDateEnding": "2024-09-30", "reportedCurrency": "None", "grossProfit": "13391143", "totalRevenue": "18680275", "costOfRevenue": "5289132", "costofGoodsAndServicesSold": "5289132", "operatingIncome": "981677", "sellingGeneralAndAdministrative": "7799519", "researchAndDevelopment": "3880772", "operatingExpenses": "12409466", "investmentIncomeNet": "None", "netInterestIncome": "None", "interestIncome": "None", "interestExpense": "None", "nonInterestIncome": "None", "otherNonOperatingIncome": "None", "depreciation": "None", "depreciationAndAmortization": "61007", "incomeBeforeTax": "495574", "incomeTaxExpense": "None", "interestAndDebtExpense": "None", "netIncomeFromContinuingOperations": "None", "comprehensiveIncomeNetOfTax": "None", "ebit": "981677", "ebitda": "1042684", "netIncome": "497263"}, {"fiscalDateEnding": "2024-06-30", "reportedCurrency": "None", "grossProfit": "21238644", "totalRevenue": "32909422", "costOfRevenue": "11670778", "costofGoodsAndServicesSold": "11670778", "operatingIncome": "-14814426", "sellingGeneralAndAdministrative": "None", "researchAndDevelopment": "26861042", "operatingExpenses": "36053070", "investmentIncomeNet": "None", "netInterestIncome": "None", "interestIncome": "None", "interestExpense": "936112", "nonInterestIncome": "None", "otherNonOperatingIncome": "None", "depreciation": "None", "depreciationAndAmortization": "266251", "incomeBeforeTax": "-15484285", "incomeTaxExpense": "-5151", "interestAndDebtExpense": "None", "netIncomeFromContinuingOperations": "None", "comprehensiveIncomeNetOfTax": "None", "ebit": "-14548175", "ebitda": "-14281924", "netIncome": "-15479133"}, {"fiscalDateEnding": "2024-03-31", "reportedCurrency": "None", "grossProfit": "10633631", "totalRevenue": "16476883", "costOfRevenue": "5843252", "costofGoodsAndServicesSold": "5843252", "operatingIncome": "-7417194", "sellingGeneralAndAdministrative": "3670939", "researchAndDevelopment": "13448618", "operatingExpenses": "18050825", "investmentIncomeNet": "None", "netInterestIncome": "None", "interestIncome": "None", "interestExpense": "None", "nonInterestIncome": "None", "otherNonOperatingIncome": "None", "depreciation": "None", "depreciationAndAmortization": "61007", "incomeBeforeTax": "-7771238", "incomeTaxExpense": "41713", "interestAndDebtExpense": "None", "netIncomeFromContinuingOperations": "None", "comprehensiveIncomeNetOfTax": "None", "ebit": "-7417194", "ebitda": "-7356187", "netIncome": "-7749995"}, {"fiscalDateEnding": "2023-12-31", "reportedCurrency": "None", "grossProfit": "18954046", "totalRevenue": "32689838", "costOfRevenue": "13735792", "costofGoodsAndServicesSold": "13735792", "operatingIncome": "-8294536", "sellingGeneralAndAdministrative": "2337164", "researchAndDevelopment": "22737836", "operatingExpenses": "27248582", "investmentIncomeNet": "None", "netInterestIncome": "None", "interestIncome": "None", "interestExpense": "None", "nonInterestIncome": "None", "otherNonOperatingIncome": "None", "depreciation": "None", "depreciationAndAmortization": "122014", "incomeBeforeTax": "-8319666", "incomeTaxExpense": "-83426", "interestAndDebtExpense": "None", "netIncomeFromContinuingOperations": "None", "comprehensiveIncomeNetOfTax": "None", "ebit": "-8294536", "ebitda": "-8172522", "netIncome": "-7866062"}, {"fiscalDateEnding": "2023-09-30", "reportedCurrency": "None", "grossProfit": "9477023", "totalRevenue": "16344919", "costOfRevenue": "6867896", "costofGoodsAndServicesSold": "6867896", "operatingIncome": "-4147268", "sellingGeneralAndAdministrative": "1168582", "researchAndDevelopment": "11368918", "operatingExpenses": "13298381", "investmentIncomeNet": "None", "netInterestIncome": "None", "interestIncome": "None", "interestExpense": "None", "nonInterestIncome": "None", "otherNonOperatingIncome": "None", "depreciation": "None", "depreciationAndAmortization": "19707", "incomeBeforeTax": "-4159833", "incomeTaxExpense": "41713", "interestAndDebtExpense": "None", "netIncomeFromContinuingOperations": "None", "comprehensiveIncomeNetOfTax": "None", "ebit": "-4147268", "ebitda": "-4127561", "netIncome": "-3933031"}, {"fiscalDateEnding": "2023-06-30", "reportedCurrency": "USD", "grossProfit": "20344956", "totalRevenue": "26314305", "costOfRevenue": "5969349", "costofGoodsAndServicesSold": "5969349", "operatingIncome": "-13544710", "sellingGeneralAndAdministrative": "1035026", "researchAndDevelopment": "29469272", "operatingExpenses": "33889668", "investmentIncomeNet": "None", "netInterestIncome": "None", "interestIncome": "None", "interestExpense": "1561287", "nonInterestIncome": "None", "otherNonOperatingIncome": "None", "depreciation": "None", "depreciationAndAmortization": "19708", "incomeBeforeTax": "-14583767", "incomeTaxExpense": "3847560", "interestAndDebtExpense": "None", "netIncomeFromContinuingOperations": "None", "comprehensiveIncomeNetOfTax": "None", "ebit": "-13022483", "ebitda": "-13002775", "netIncome": "-18482583"}, {"fiscalDateEnding": "2023-03-31", "reportedCurrency": "USD", "grossProfit": "10234761", "totalRevenue": "13237710", "costOfRevenue": "3002949", "costofGoodsAndServicesSold": "3002949", "operatingIncome": "-6813822", "sellingGeneralAndAdministrative": "1035026", "researchAndDevelopment": "14824852", "operatingExpenses": "16898542", "investmentIncomeNet": "None", "netInterestIncome": "None", "interestIncome": "None", "interestExpense": "None", "nonInterestIncome": "None", "otherNonOperatingIncome": "None", "depreciation": "None", "depreciationAndAmortization": "19708", "incomeBeforeTax": "-7449205", "incomeTaxExpense": "1935559", "interestAndDebtExpense": "None", "netIncomeFromContinuingOperations": "None", "comprehensiveIncomeNetOfTax": "None", "ebit": "-6813822", "ebitda": "-6794114", "netIncome": "-9297873"}, {"fiscalDateEnding": "2022-12-31", "reportedCurrency": "USD", "grossProfit": "21667038", "totalRevenue": "35325476", "costOfRevenue": "13658438", "costofGoodsAndServicesSold": "13658438", "operatingIncome": "-4785308", "sellingGeneralAndAdministrative": "4302710", "researchAndDevelopment": "20331942", "operatingExpenses": "26142954", "investmentIncomeNet": "None", "netInterestIncome": "None", "interestIncome": "None", "interestExpense": "None", "nonInterestIncome": "None", "otherNonOperatingIncome": "None", "depreciation": "None", "depreciationAndAmortization": "42934", "incomeBeforeTax": "-5714340", "incomeTaxExpense": "881476", "interestAndDebtExpense": "None", "netIncomeFromContinuingOperations": "None", "comprehensiveIncomeNetOfTax": "None", "ebit": "-4785308", "ebitda": "-4742374", "netIncome": "-6491710"}, {"fiscalDateEnding": "2022-09-30", "reportedCurrency": "USD", "grossProfit": "10833519", "totalRevenue": "17662738", "costOfRevenue": "6829219", "costofGoodsAndServicesSold": "6829219", "operatingIncome": "-2392654", "sellingGeneralAndAdministrative": "2151355", "researchAndDevelopment": "10165971", "operatingExpenses": "13071477", "investmentIncomeNet": "None", "netInterestIncome": "None", "interestIncome": "None", "interestExpense": "None", "nonInterestIncome": "None", "otherNonOperatingIncome": "None", "depreciation": "None", "depreciationAndAmortization": "21467", "incomeBeforeTax": "-2857170", "incomeTaxExpense": "440738", "interestAndDebtExpense": "None", "netIncomeFromContinuingOperations": "None", "comprehensiveIncomeNetOfTax": "None", "ebit": "-2392654", "ebitda": "-2371187", "netIncome": "-3245855"}, {"fiscalDateEnding": "2022-06-30", "reportedCurrency": "None", "grossProfit": "9138776", "totalRevenue": "12859482", "costOfRevenue": "3720706", "costofGoodsAndServicesSold": "3720706", "operatingIncome": "1649528", "sellingGeneralAndAdministrative": "1725928", "researchAndDevelopment": "3669196", "operatingExpenses": "7566704", "investmentIncomeNet": "None", "netInterestIncome": "None", "interestIncome": "None", "interestExpense": "None", "nonInterestIncome": "None", "otherNonOperatingIncome": "None", "depreciation": "None", "depreciationAndAmortization": "35898", "incomeBeforeTax": "369680", "incomeTaxExpense": "-220820", "interestAndDebtExpense": "None", "netIncomeFromContinuingOperations": "None", "comprehensiveIncomeNetOfTax": "None", "ebit": "1649528", "ebitda": "1685426", "netIncome": "593174"}, {"fiscalDateEnding": "2022-03-31", "reportedCurrency": "None", "grossProfit": "4569388", "totalRevenue": "6429741", "costOfRevenue": "1860353", "costofGoodsAndServicesSold": "1860353", "operatingIncome": "824764", "sellingGeneralAndAdministrative": "862964", "researchAndDevelopment": "1834598", "operatingExpenses": "3783352", "investmentIncomeNet": "None", "netInterestIncome": "None", "interestIncome": "None", "interestExpense": "None", "nonInterestIncome": "None", "otherNonOperatingIncome": "None", "depreciation": "None", "depreciationAndAmortization": "17949", "incomeBeforeTax": "184840", "incomeTaxExpense": "110410", "interestAndDebtExpense": "None", "netIncomeFromContinuingOperations": "None", "comprehensiveIncomeNetOfTax": "None", "ebit": "824764", "ebitda": "842713", "netIncome": "296587"}, {"fiscalDateEnding": "2021-12-31", "reportedCurrency": "None", "grossProfit": "16362532", "totalRevenue": "23649944", "costOfRevenue": "7287412", "costofGoodsAndServicesSold": "7287412", "operatingIncome": "8217812", "sellingGeneralAndAdministrative": "3058756", "researchAndDevelopment": "2671588", "operatingExpenses": "7763484", "investmentIncomeNet": "None", "netInterestIncome": "None", "interestIncome": "None", "interestExpense": "None", "nonInterestIncome": "None", "otherNonOperatingIncome": "None", "depreciation": "None", "depreciationAndAmortization": "30640", "incomeBeforeTax": "7471616", "incomeTaxExpense": "1121070", "interestAndDebtExpense": "None", "netIncomeFromContinuingOperations": "None", "comprehensiveIncomeNetOfTax": "None", "ebit": "8217812", "ebitda": "8248452", "netIncome": "6504672"}, {"fiscalDateEnding": "2021-09-30", "reportedCurrency": "None", "grossProfit": "8181266", "totalRevenue": "11824972", "costOfRevenue": "3643706", "costofGoodsAndServicesSold": "3643706", "operatingIncome": "4108906", "sellingGeneralAndAdministrative": "1529378", "researchAndDevelopment": "1335794", "operatingExpenses": "3881742", "investmentIncomeNet": "None", "netInterestIncome": "None", "interestIncome": "None", "interestExpense": "None", "nonInterestIncome": "None", "otherNonOperatingIncome": "None", "depreciation": "None", "depreciationAndAmortization": "15320", "incomeBeforeTax": "3735808", "incomeTaxExpense": "560535", "interestAndDebtExpense": "None", "netIncomeFromContinuingOperations": "None", "comprehensiveIncomeNetOfTax": "None", "ebit": "4108906", "ebitda": "4124226", "netIncome": "3252336"}, {"fiscalDateEnding": "2021-06-30", "reportedCurrency": "None", "grossProfit": "5275750", "totalRevenue": "8874070", "costOfRevenue": "3598320", "costofGoodsAndServicesSold": "3598320", "operatingIncome": "-3220802", "sellingGeneralAndAdministrative": "3598496", "researchAndDevelopment": "2692322", "operatingExpenses": "8090608", "investmentIncomeNet": "None", "netInterestIncome": "None", "interestIncome": "None", "interestExpense": "None", "nonInterestIncome": "None", "otherNonOperatingIncome": "None", "depreciation": "None", "depreciationAndAmortization": "34520", "incomeBeforeTax": "-3554258", "incomeTaxExpense": "-568714", "interestAndDebtExpense": "None", "netIncomeFromContinuingOperations": "None", "comprehensiveIncomeNetOfTax": "None", "ebit": "-3220802", "ebitda": "-3186282", "netIncome": "-2826858"}, {"fiscalDateEnding": "2021-03-31", "reportedCurrency": "None", "grossProfit": "2637875", "totalRevenue": "4437035", "costOfRevenue": "1799160", "costofGoodsAndServicesSold": "1799160", "operatingIncome": "-1610401", "sellingGeneralAndAdministrative": "1799248", "researchAndDevelopment": "1346161", "operatingExpenses": "4045304", "investmentIncomeNet": "None", "netInterestIncome": "None", "interestIncome": "None", "interestExpense": "None", "nonInterestIncome": "None", "otherNonOperatingIncome": "None", "depreciation": "None", "depreciationAndAmortization": "17260", "incomeBeforeTax": "-1777129", "incomeTaxExpense": "284357", "interestAndDebtExpense": "None", "netIncomeFromContinuingOperations": "None", "comprehensiveIncomeNetOfTax": "None", "ebit": "-1610401", "ebitda": "-1593141", "netIncome": "-1413429"}]}