{"symbol": "TRV", "annualReports": [{"fiscalDateEnding": "2025-12-31", "reportedCurrency": "USD", "grossProfit": "21607000000", "totalRevenue": "48828000000", "costOfRevenue": "27221000000", "costofGoodsAndServicesSold": "27221000000", "operatingIncome": "7796000000", "sellingGeneralAndAdministrative": "6120000000", "researchAndDevelopment": "None", "operatingExpenses": "13811000000", "investmentIncomeNet": "None", "netInterestIncome": "-425000000", "interestIncome": "425000000", "interestExpense": "425000000", "nonInterestIncome": "None", "otherNonOperatingIncome": "None", "depreciation": "None", "depreciationAndAmortization": "680000000", "incomeBeforeTax": "7796000000", "incomeTaxExpense": "1508000000", "interestAndDebtExpense": "None", "netIncomeFromContinuingOperations": "6288000000", "comprehensiveIncomeNetOfTax": "None", "ebit": "8221000000", "ebitda": "8901000000", "netIncome": "6288000000"}, {"fiscalDateEnding": "2024-12-31", "reportedCurrency": "USD", "grossProfit": "12396000000", "totalRevenue": "46428000000", "costOfRevenue": "34032000000", "costofGoodsAndServicesSold": "34032000000", "operatingIncome": "6180000000", "sellingGeneralAndAdministrative": "5819000000", "researchAndDevelopment": "None", "operatingExpenses": "6216000000", "investmentIncomeNet": "None", "netInterestIncome": "-392000000", "interestIncome": "392000000", "interestExpense": "392000000", "nonInterestIncome": "None", "otherNonOperatingIncome": "None", "depreciation": "None", "depreciationAndAmortization": "715000000", "incomeBeforeTax": "6180000000", "incomeTaxExpense": "1181000000", "interestAndDebtExpense": "None", "netIncomeFromContinuingOperations": "4999000000", "comprehensiveIncomeNetOfTax": "None", "ebit": "6572000000", "ebitda": "7287000000", "netIncome": "4999000000"}, {"fiscalDateEnding": "2023-12-31", "reportedCurrency": "USD", "grossProfit": "8932000000", "totalRevenue": "41373000000", "costOfRevenue": "32441000000", "costofGoodsAndServicesSold": "32441000000", "operatingIncome": "3371000000", "sellingGeneralAndAdministrative": "5176000000", "researchAndDevelopment": "None", "operatingExpenses": "5561000000", "investmentIncomeNet": "None", "netInterestIncome": "-376000000", "interestIncome": "376000000", "interestExpense": "376000000", "nonInterestIncome": "None", "otherNonOperatingIncome": "None", "depreciation": "None", "depreciationAndAmortization": "722000000", "incomeBeforeTax": "3371000000", "incomeTaxExpense": "380000000", "interestAndDebtExpense": "None", "netIncomeFromContinuingOperations": "2991000000", "comprehensiveIncomeNetOfTax": "None", "ebit": "3747000000", "ebitda": "4469000000", "netIncome": "2991000000"}, {"fiscalDateEnding": "2022-12-31", "reportedCurrency": "USD", "grossProfit": "8527000000", "totalRevenue": "36896000000", "costOfRevenue": "28369000000", "costofGoodsAndServicesSold": "28369000000", "operatingIncome": "3354000000", "sellingGeneralAndAdministrative": "4810000000", "researchAndDevelopment": "None", "operatingExpenses": "5173000000", "investmentIncomeNet": "None", "netInterestIncome": "-351000000", "interestIncome": "351000000", "interestExpense": "351000000", "nonInterestIncome": "None", "otherNonOperatingIncome": "None", "depreciation": "None", "depreciationAndAmortization": "826000000", "incomeBeforeTax": "3354000000", "incomeTaxExpense": "512000000", "interestAndDebtExpense": "None", "netIncomeFromContinuingOperations": "3866000000", "comprehensiveIncomeNetOfTax": "None", "ebit": "3705000000", "ebitda": "4531000000", "netIncome": "2842000000"}, {"fiscalDateEnding": "2021-12-31", "reportedCurrency": "USD", "grossProfit": "9475000000", "totalRevenue": "34816000000", "costOfRevenue": "25341000000", "costofGoodsAndServicesSold": "25341000000", "operatingIncome": "4458000000", "sellingGeneralAndAdministrative": "4677000000", "researchAndDevelopment": "None", "operatingExpenses": "5017000000", "investmentIncomeNet": "None", "netInterestIncome": "-340000000", "interestIncome": "340000000", "interestExpense": "340000000", "nonInterestIncome": "None", "otherNonOperatingIncome": "None", "depreciation": "None", "depreciationAndAmortization": "870000000", "incomeBeforeTax": "4458000000", "incomeTaxExpense": "796000000", "interestAndDebtExpense": "None", "netIncomeFromContinuingOperations": "3662000000", "comprehensiveIncomeNetOfTax": "None", "ebit": "4798000000", "ebitda": "5668000000", "netIncome": "3662000000"}, {"fiscalDateEnding": "2020-12-31", "reportedCurrency": "USD", "grossProfit": "8085000000", "totalRevenue": "31981000000", "costOfRevenue": "23896000000", "costofGoodsAndServicesSold": "23896000000", "operatingIncome": "3237000000", "sellingGeneralAndAdministrative": "4509000000", "researchAndDevelopment": "None", "operatingExpenses": "4848000000", "investmentIncomeNet": "None", "netInterestIncome": "-339000000", "interestIncome": "339000000", "interestExpense": "339000000", "nonInterestIncome": "None", "otherNonOperatingIncome": "None", "depreciation": "None", "depreciationAndAmortization": "789000000", "incomeBeforeTax": "3237000000", "incomeTaxExpense": "540000000", "interestAndDebtExpense": "None", "netIncomeFromContinuingOperations": "3777000000", "comprehensiveIncomeNetOfTax": "None", "ebit": "3576000000", "ebitda": "4365000000", "netIncome": "2697000000"}, {"fiscalDateEnding": "2019-12-31", "reportedCurrency": "USD", "grossProfit": "7847000000", "totalRevenue": "31581000000", "costOfRevenue": "23734000000", "costofGoodsAndServicesSold": "23734000000", "operatingIncome": "3138000000", "sellingGeneralAndAdministrative": "4365000000", "researchAndDevelopment": "None", "operatingExpenses": "4709000000", "investmentIncomeNet": "None", "netInterestIncome": "-344000000", "interestIncome": "344000000", "interestExpense": "344000000", "nonInterestIncome": "None", "otherNonOperatingIncome": "None", "depreciation": "None", "depreciationAndAmortization": "763000000", "incomeBeforeTax": "3138000000", "incomeTaxExpense": "516000000", "interestAndDebtExpense": "None", "netIncomeFromContinuingOperations": "3654000000", "comprehensiveIncomeNetOfTax": "None", "ebit": "3482000000", "ebitda": "4245000000", "netIncome": "2622000000"}, {"fiscalDateEnding": "2018-12-31", "reportedCurrency": "USD", "grossProfit": "7610000000", "totalRevenue": "30282000000", "costOfRevenue": "22672000000", "costofGoodsAndServicesSold": "22672000000", "operatingIncome": "2961000000", "sellingGeneralAndAdministrative": "4297000000", "researchAndDevelopment": "0", "operatingExpenses": "4649000000", "investmentIncomeNet": "None", "netInterestIncome": "-352000000", "interestIncome": "352000000", "interestExpense": "352000000", "nonInterestIncome": "None", "otherNonOperatingIncome": "None", "depreciation": "None", "depreciationAndAmortization": "803000000", "incomeBeforeTax": "2961000000", "incomeTaxExpense": "438000000", "interestAndDebtExpense": "None", "netIncomeFromContinuingOperations": "2523000000", "comprehensiveIncomeNetOfTax": "None", "ebit": "3313000000", "ebitda": "4116000000", "netIncome": "2523000000"}, {"fiscalDateEnding": "2017-12-31", "reportedCurrency": "USD", "grossProfit": "7269000000", "totalRevenue": "28902000000", "costOfRevenue": "21633000000", "costofGoodsAndServicesSold": "21633000000", "operatingIncome": "2730000000", "sellingGeneralAndAdministrative": "4170000000", "researchAndDevelopment": "0", "operatingExpenses": "4539000000", "investmentIncomeNet": "None", "netInterestIncome": "-369000000", "interestIncome": "369000000", "interestExpense": "369000000", "nonInterestIncome": "None", "otherNonOperatingIncome": "None", "depreciation": "None", "depreciationAndAmortization": "813000000", "incomeBeforeTax": "2730000000", "incomeTaxExpense": "674000000", "interestAndDebtExpense": "None", "netIncomeFromContinuingOperations": "2056000000", "comprehensiveIncomeNetOfTax": "None", "ebit": "3099000000", "ebitda": "3912000000", "netIncome": "2056000000"}, {"fiscalDateEnding": "2016-12-31", "reportedCurrency": "USD", "grossProfit": "8570000000", "totalRevenue": "27625000000", "costOfRevenue": "19055000000", "costofGoodsAndServicesSold": "19055000000", "operatingIncome": "4053000000", "sellingGeneralAndAdministrative": "4154000000", "researchAndDevelopment": "0", "operatingExpenses": "4517000000", "investmentIncomeNet": "None", "netInterestIncome": "-363000000", "interestIncome": "363000000", "interestExpense": "363000000", "nonInterestIncome": "None", "otherNonOperatingIncome": "None", "depreciation": "None", "depreciationAndAmortization": "826000000", "incomeBeforeTax": "4053000000", "incomeTaxExpense": "1039000000", "interestAndDebtExpense": "None", "netIncomeFromContinuingOperations": "5092000000", "comprehensiveIncomeNetOfTax": "None", "ebit": "4416000000", "ebitda": "5242000000", "netIncome": "3014000000"}, {"fiscalDateEnding": "2015-12-31", "reportedCurrency": "USD", "grossProfit": "9207000000", "totalRevenue": "26815000000", "costOfRevenue": "17608000000", "costofGoodsAndServicesSold": "17608000000", "operatingIncome": "4740000000", "sellingGeneralAndAdministrative": "4094000000", "researchAndDevelopment": "0", "operatingExpenses": "4467000000", "investmentIncomeNet": "None", "netInterestIncome": "None", "interestIncome": "373000000", "interestExpense": "373000000", "nonInterestIncome": "None", "otherNonOperatingIncome": "None", "depreciation": "None", "depreciationAndAmortization": "818000000", "incomeBeforeTax": "4740000000", "incomeTaxExpense": "1301000000", "interestAndDebtExpense": "None", "netIncomeFromContinuingOperations": "6041000000", "comprehensiveIncomeNetOfTax": "None", "ebit": "5113000000", "ebitda": "5931000000", "netIncome": "3439000000"}, {"fiscalDateEnding": "2014-12-31", "reportedCurrency": "USD", "grossProfit": "9422000000", "totalRevenue": "27174000000", "costOfRevenue": "17752000000", "costofGoodsAndServicesSold": "17752000000", "operatingIncome": "5089000000", "sellingGeneralAndAdministrative": "3964000000", "researchAndDevelopment": "0", "operatingExpenses": "4333000000", "investmentIncomeNet": "None", "netInterestIncome": "None", "interestIncome": "None", "interestExpense": "369000000", "nonInterestIncome": "None", "otherNonOperatingIncome": "None", "depreciation": "None", "depreciationAndAmortization": "864000000", "incomeBeforeTax": "5089000000", "incomeTaxExpense": "1397000000", "interestAndDebtExpense": "None", "netIncomeFromContinuingOperations": "6486000000", "comprehensiveIncomeNetOfTax": "None", "ebit": "5458000000", "ebitda": "6322000000", "netIncome": "3692000000"}, {"fiscalDateEnding": "2013-12-31", "reportedCurrency": "USD", "grossProfit": "9063000000", "totalRevenue": "26191000000", "costOfRevenue": "17128000000", "costofGoodsAndServicesSold": "17128000000", "operatingIncome": "4945000000", "sellingGeneralAndAdministrative": "3757000000", "researchAndDevelopment": "0", "operatingExpenses": "4118000000", "investmentIncomeNet": "None", "netInterestIncome": "None", "interestIncome": "None", "interestExpense": "361000000", "nonInterestIncome": "None", "otherNonOperatingIncome": "None", "depreciation": "None", "depreciationAndAmortization": "867000000", "incomeBeforeTax": "4945000000", "incomeTaxExpense": "1272000000", "interestAndDebtExpense": "None", "netIncomeFromContinuingOperations": "6217000000", "comprehensiveIncomeNetOfTax": "None", "ebit": "5306000000", "ebitda": "6173000000", "netIncome": "3673000000"}, {"fiscalDateEnding": "2012-12-31", "reportedCurrency": "USD", "grossProfit": "7154000000", "totalRevenue": "25740000000", "costOfRevenue": "18586000000", "costofGoodsAndServicesSold": "18586000000", "operatingIncome": "3166000000", "sellingGeneralAndAdministrative": "3610000000", "researchAndDevelopment": "0", "operatingExpenses": "3988000000", "investmentIncomeNet": "None", "netInterestIncome": "None", "interestIncome": "None", "interestExpense": "378000000", "nonInterestIncome": "None", "otherNonOperatingIncome": "None", "depreciation": "None", "depreciationAndAmortization": "827000000", "incomeBeforeTax": "3166000000", "incomeTaxExpense": "693000000", "interestAndDebtExpense": "None", "netIncomeFromContinuingOperations": "2473000000", "comprehensiveIncomeNetOfTax": "None", "ebit": "3544000000", "ebitda": "4371000000", "netIncome": "2473000000"}, {"fiscalDateEnding": "2011-12-31", "reportedCurrency": "USD", "grossProfit": "5294000000", "totalRevenue": "25446000000", "costOfRevenue": "20152000000", "costofGoodsAndServicesSold": "20152000000", "operatingIncome": "1352000000", "sellingGeneralAndAdministrative": "3556000000", "researchAndDevelopment": "0", "operatingExpenses": "3942000000", "investmentIncomeNet": "None", "netInterestIncome": "None", "interestIncome": "None", "interestExpense": "386000000", "nonInterestIncome": "None", "otherNonOperatingIncome": "None", "depreciation": "None", "depreciationAndAmortization": "802000000", "incomeBeforeTax": "1352000000", "incomeTaxExpense": "-74000000", "interestAndDebtExpense": "None", "netIncomeFromContinuingOperations": "1426000000", "comprehensiveIncomeNetOfTax": "None", "ebit": "1738000000", "ebitda": "2540000000", "netIncome": "1426000000"}, {"fiscalDateEnding": "2010-12-31", "reportedCurrency": "USD", "grossProfit": "8100000000", "totalRevenue": "25112000000", "costOfRevenue": "17012000000", "costofGoodsAndServicesSold": "17012000000", "operatingIncome": "4306000000", "sellingGeneralAndAdministrative": "3406000000", "researchAndDevelopment": "0", "operatingExpenses": "3794000000", "investmentIncomeNet": "None", "netInterestIncome": "None", "interestIncome": "None", "interestExpense": "388000000", "nonInterestIncome": "None", "otherNonOperatingIncome": "None", "depreciation": "None", "depreciationAndAmortization": "812000000", "incomeBeforeTax": "4306000000", "incomeTaxExpense": "1090000000", "interestAndDebtExpense": "None", "netIncomeFromContinuingOperations": "3216000000", "comprehensiveIncomeNetOfTax": "None", "ebit": "4694000000", "ebitda": "5506000000", "netIncome": "3216000000"}, {"fiscalDateEnding": "2009-12-31", "reportedCurrency": "USD", "grossProfit": "8459000000", "totalRevenue": "24680000000", "costOfRevenue": "16221000000", "costofGoodsAndServicesSold": "16221000000", "operatingIncome": "4711000000", "sellingGeneralAndAdministrative": "3366000000", "researchAndDevelopment": "0", "operatingExpenses": "3748000000", "investmentIncomeNet": "None", "netInterestIncome": "None", "interestIncome": "None", "interestExpense": "382000000", "nonInterestIncome": "None", "otherNonOperatingIncome": "None", "depreciation": "None", "depreciationAndAmortization": "797000000", "incomeBeforeTax": "4711000000", "incomeTaxExpense": "1089000000", "interestAndDebtExpense": "None", "netIncomeFromContinuingOperations": "3622000000", "comprehensiveIncomeNetOfTax": "None", "ebit": "5093000000", "ebitda": "5890000000", "netIncome": "3622000000"}, {"fiscalDateEnding": "2008-12-31", "reportedCurrency": "USD", "grossProfit": "7604000000", "totalRevenue": "24477000000", "costOfRevenue": "16873000000", "costofGoodsAndServicesSold": "16873000000", "operatingIncome": "3716000000", "sellingGeneralAndAdministrative": "3518000000", "researchAndDevelopment": "None", "operatingExpenses": "3888000000", "investmentIncomeNet": "None", "netInterestIncome": "None", "interestIncome": "None", "interestExpense": "370000000", "nonInterestIncome": "None", "otherNonOperatingIncome": "None", "depreciation": "None", "depreciationAndAmortization": "821000000", "incomeBeforeTax": "3716000000", "incomeTaxExpense": "792000000", "interestAndDebtExpense": "None", "netIncomeFromContinuingOperations": "None", "comprehensiveIncomeNetOfTax": "None", "ebit": "4086000000", "ebitda": "4907000000", "netIncome": "2924000000"}, {"fiscalDateEnding": "2007-12-31", "reportedCurrency": "USD", "grossProfit": "9914000000", "totalRevenue": "26017000000", "costOfRevenue": "16103000000", "costofGoodsAndServicesSold": "16103000000", "operatingIncome": "6216000000", "sellingGeneralAndAdministrative": "3352000000", "researchAndDevelopment": "None", "operatingExpenses": "3698000000", "investmentIncomeNet": "None", "netInterestIncome": "None", "interestIncome": "None", "interestExpense": "346000000", "nonInterestIncome": "None", "otherNonOperatingIncome": "None", "depreciation": "None", "depreciationAndAmortization": "811000000", "incomeBeforeTax": "6216000000", "incomeTaxExpense": "1615000000", "interestAndDebtExpense": "None", "netIncomeFromContinuingOperations": "None", "comprehensiveIncomeNetOfTax": "None", "ebit": "6562000000", "ebitda": "7373000000", "netIncome": "4601000000"}, {"fiscalDateEnding": "2006-12-31", "reportedCurrency": "USD", "grossProfit": "9507000000", "totalRevenue": "25090000000", "costOfRevenue": "15583000000", "costofGoodsAndServicesSold": "15583000000", "operatingIncome": "5725000000", "sellingGeneralAndAdministrative": "3458000000", "researchAndDevelopment": "None", "operatingExpenses": "3782000000", "investmentIncomeNet": "None", "netInterestIncome": "None", "interestIncome": "None", "interestExpense": "324000000", "nonInterestIncome": "None", "otherNonOperatingIncome": "None", "depreciation": "None", "depreciationAndAmortization": "808000000", "incomeBeforeTax": "5725000000", "incomeTaxExpense": "1517000000", "interestAndDebtExpense": "None", "netIncomeFromContinuingOperations": "None", "comprehensiveIncomeNetOfTax": "None", "ebit": "6049000000", "ebitda": "6857000000", "netIncome": "4208000000"}], "quarterlyReports": [{"fiscalDateEnding": "2025-12-31", "reportedCurrency": "USD", "grossProfit": "6600000000", "totalRevenue": "12432000000", "costOfRevenue": "5832000000", "costofGoodsAndServicesSold": "5832000000", "operatingIncome": "3103000000", "sellingGeneralAndAdministrative": "1544000000", "researchAndDevelopment": "None", "operatingExpenses": "3497000000", "investmentIncomeNet": "None", "netInterestIncome": "-116000000", "interestIncome": "116000000", "interestExpense": "116000000", "nonInterestIncome": "None", "otherNonOperatingIncome": "None", "depreciation": "None", "depreciationAndAmortization": "162000000", "incomeBeforeTax": "3103000000", "incomeTaxExpense": "607000000", "interestAndDebtExpense": "None", "netIncomeFromContinuingOperations": "2496000000", "comprehensiveIncomeNetOfTax": "None", "ebit": "3219000000", "ebitda": "3381000000", "netIncome": "2496000000"}, {"fiscalDateEnding": "2025-09-30", "reportedCurrency": "USD", "grossProfit": "5876000000", "totalRevenue": "12470000000", "costOfRevenue": "6594000000", "costofGoodsAndServicesSold": "6594000000", "operatingIncome": "2344000000", "sellingGeneralAndAdministrative": "1555000000", "researchAndDevelopment": "None", "operatingExpenses": "3532000000", "investmentIncomeNet": "None", "netInterestIncome": "-111000000", "interestIncome": "111000000", "interestExpense": "111000000", "nonInterestIncome": "None", "otherNonOperatingIncome": "None", "depreciation": "None", "depreciationAndAmortization": "166000000", "incomeBeforeTax": "2344000000", "incomeTaxExpense": "456000000", "interestAndDebtExpense": "None", "netIncomeFromContinuingOperations": "1888000000", "comprehensiveIncomeNetOfTax": "None", "ebit": "2455000000", "ebitda": "2621000000", "netIncome": "1888000000"}, {"fiscalDateEnding": "2025-06-30", "reportedCurrency": "USD", "grossProfit": "3525000000", "totalRevenue": "12116000000", "costOfRevenue": "8591000000", "costofGoodsAndServicesSold": "8591000000", "operatingIncome": "1881000000", "sellingGeneralAndAdministrative": "1545000000", "researchAndDevelopment": "None", "operatingExpenses": "1644000000", "investmentIncomeNet": "None", "netInterestIncome": "-99000000", "interestIncome": "99000000", "interestExpense": "99000000", "nonInterestIncome": "None", "otherNonOperatingIncome": "None", "depreciation": "None", "depreciationAndAmortization": "164000000", "incomeBeforeTax": "1881000000", "incomeTaxExpense": "372000000", "interestAndDebtExpense": "None", "netIncomeFromContinuingOperations": "1509000000", "comprehensiveIncomeNetOfTax": "None", "ebit": "1980000000", "ebitda": "2144000000", "netIncome": "1509000000"}, {"fiscalDateEnding": "2025-03-31", "reportedCurrency": "USD", "grossProfit": "2026000000", "totalRevenue": "11810000000", "costOfRevenue": "9784000000", "costofGoodsAndServicesSold": "9784000000", "operatingIncome": "468000000", "sellingGeneralAndAdministrative": "1459000000", "researchAndDevelopment": "None", "operatingExpenses": "1558000000", "investmentIncomeNet": "None", "netInterestIncome": "-99000000", "interestIncome": "99000000", "interestExpense": "99000000", "nonInterestIncome": "None", "otherNonOperatingIncome": "None", "depreciation": "None", "depreciationAndAmortization": "188000000", "incomeBeforeTax": "468000000", "incomeTaxExpense": "73000000", "interestAndDebtExpense": "None", "netIncomeFromContinuingOperations": "395000000", "comprehensiveIncomeNetOfTax": "None", "ebit": "567000000", "ebitda": "755000000", "netIncome": "395000000"}, {"fiscalDateEnding": "2024-12-31", "reportedCurrency": "USD", "grossProfit": "4172000000", "totalRevenue": "12013000000", "costOfRevenue": "7841000000", "costofGoodsAndServicesSold": "7841000000", "operatingIncome": "2594000000", "sellingGeneralAndAdministrative": "1475000000", "researchAndDevelopment": "None", "operatingExpenses": "1578000000", "investmentIncomeNet": "None", "netInterestIncome": "-98000000", "interestIncome": "98000000", "interestExpense": "98000000", "nonInterestIncome": "None", "otherNonOperatingIncome": "None", "depreciation": "None", "depreciationAndAmortization": "163000000", "incomeBeforeTax": "2594000000", "incomeTaxExpense": "512000000", "interestAndDebtExpense": "None", "netIncomeFromContinuingOperations": "2082000000", "comprehensiveIncomeNetOfTax": "None", "ebit": "2692000000", "ebitda": "2855000000", "netIncome": "2082000000"}, {"fiscalDateEnding": "2024-09-30", "reportedCurrency": "USD", "grossProfit": "3118000000", "totalRevenue": "11904000000", "costOfRevenue": "8786000000", "costofGoodsAndServicesSold": "8786000000", "operatingIncome": "1560000000", "sellingGeneralAndAdministrative": "1460000000", "researchAndDevelopment": "None", "operatingExpenses": "1558000000", "investmentIncomeNet": "None", "netInterestIncome": "-98000000", "interestIncome": "None", "interestExpense": "98000000", "nonInterestIncome": "None", "otherNonOperatingIncome": "None", "depreciation": "None", "depreciationAndAmortization": "174000000", "incomeBeforeTax": "1560000000", "incomeTaxExpense": "300000000", "interestAndDebtExpense": "None", "netIncomeFromContinuingOperations": "1260000000", "comprehensiveIncomeNetOfTax": "None", "ebit": "1658000000", "ebitda": "1832000000", "netIncome": "1260000000"}, {"fiscalDateEnding": "2024-06-30", "reportedCurrency": "USD", "grossProfit": "2232000000", "totalRevenue": "11283000000", "costOfRevenue": "9051000000", "costofGoodsAndServicesSold": "9051000000", "operatingIncome": "656000000", "sellingGeneralAndAdministrative": "1478000000", "researchAndDevelopment": "None", "operatingExpenses": "1576000000", "investmentIncomeNet": "None", "netInterestIncome": "-98000000", "interestIncome": "None", "interestExpense": "98000000", "nonInterestIncome": "None", "otherNonOperatingIncome": "None", "depreciation": "None", "depreciationAndAmortization": "182000000", "incomeBeforeTax": "656000000", "incomeTaxExpense": "122000000", "interestAndDebtExpense": "None", "netIncomeFromContinuingOperations": "534000000", "comprehensiveIncomeNetOfTax": "None", "ebit": "754000000", "ebitda": "936000000", "netIncome": "534000000"}, {"fiscalDateEnding": "2024-03-31", "reportedCurrency": "USD", "grossProfit": "2874000000", "totalRevenue": "11228000000", "costOfRevenue": "8354000000", "costofGoodsAndServicesSold": "8354000000", "operatingIncome": "1370000000", "sellingGeneralAndAdministrative": "1406000000", "researchAndDevelopment": "None", "operatingExpenses": "1504000000", "investmentIncomeNet": "None", "netInterestIncome": "-98000000", "interestIncome": "None", "interestExpense": "98000000", "nonInterestIncome": "None", "otherNonOperatingIncome": "None", "depreciation": "None", "depreciationAndAmortization": "196000000", "incomeBeforeTax": "1370000000", "incomeTaxExpense": "247000000", "interestAndDebtExpense": "None", "netIncomeFromContinuingOperations": "1123000000", "comprehensiveIncomeNetOfTax": "None", "ebit": "1468000000", "ebitda": "1664000000", "netIncome": "1123000000"}, {"fiscalDateEnding": "2023-12-31", "reportedCurrency": "USD", "grossProfit": "3415000000", "totalRevenue": "10936000000", "costOfRevenue": "7521000000", "costofGoodsAndServicesSold": "7521000000", "operatingIncome": "2019000000", "sellingGeneralAndAdministrative": "1289000000", "researchAndDevelopment": "None", "operatingExpenses": "1396000000", "investmentIncomeNet": "None", "netInterestIncome": "-98000000", "interestIncome": "None", "interestExpense": "98000000", "nonInterestIncome": "None", "otherNonOperatingIncome": "None", "depreciation": "None", "depreciationAndAmortization": "170000000", "incomeBeforeTax": "2019000000", "incomeTaxExpense": "393000000", "interestAndDebtExpense": "None", "netIncomeFromContinuingOperations": "1626000000", "comprehensiveIncomeNetOfTax": "None", "ebit": "2117000000", "ebitda": "2287000000", "netIncome": "1626000000"}, {"fiscalDateEnding": "2023-09-30", "reportedCurrency": "USD", "grossProfit": "1882000000", "totalRevenue": "10635000000", "costOfRevenue": "8753000000", "costofGoodsAndServicesSold": "8753000000", "operatingIncome": "472000000", "sellingGeneralAndAdministrative": "1312000000", "researchAndDevelopment": "None", "operatingExpenses": "1410000000", "investmentIncomeNet": "None", "netInterestIncome": "-98000000", "interestIncome": "98000000", "interestExpense": "98000000", "nonInterestIncome": "None", "otherNonOperatingIncome": "None", "depreciation": "None", "depreciationAndAmortization": "169000000", "incomeBeforeTax": "472000000", "incomeTaxExpense": "68000000", "interestAndDebtExpense": "None", "netIncomeFromContinuingOperations": "404000000", "comprehensiveIncomeNetOfTax": "None", "ebit": "570000000", "ebitda": "739000000", "netIncome": "404000000"}, {"fiscalDateEnding": "2023-06-30", "reportedCurrency": "USD", "grossProfit": "1352000000", "totalRevenue": "10098000000", "costOfRevenue": "8746000000", "costofGoodsAndServicesSold": "8746000000", "operatingIncome": "-48000000", "sellingGeneralAndAdministrative": "1308000000", "researchAndDevelopment": "None", "operatingExpenses": "1400000000", "investmentIncomeNet": "None", "netInterestIncome": "-92000000", "interestIncome": "92000000", "interestExpense": "92000000", "nonInterestIncome": "None", "otherNonOperatingIncome": "None", "depreciation": "None", "depreciationAndAmortization": "179000000", "incomeBeforeTax": "-48000000", "incomeTaxExpense": "-34000000", "interestAndDebtExpense": "None", "netIncomeFromContinuingOperations": "-14000000", "comprehensiveIncomeNetOfTax": "None", "ebit": "44000000", "ebitda": "223000000", "netIncome": "-14000000"}, {"fiscalDateEnding": "2023-03-31", "reportedCurrency": "USD", "grossProfit": "2283000000", "totalRevenue": "9704000000", "costOfRevenue": "7421000000", "costofGoodsAndServicesSold": "7421000000", "operatingIncome": "928000000", "sellingGeneralAndAdministrative": "1267000000", "researchAndDevelopment": "None", "operatingExpenses": "1355000000", "investmentIncomeNet": "None", "netInterestIncome": "-88000000", "interestIncome": "88000000", "interestExpense": "88000000", "nonInterestIncome": "None", "otherNonOperatingIncome": "None", "depreciation": "None", "depreciationAndAmortization": "204000000", "incomeBeforeTax": "928000000", "incomeTaxExpense": "-47000000", "interestAndDebtExpense": "None", "netIncomeFromContinuingOperations": "975000000", "comprehensiveIncomeNetOfTax": "None", "ebit": "1016000000", "ebitda": "1220000000", "netIncome": "975000000"}, {"fiscalDateEnding": "2022-12-31", "reportedCurrency": "USD", "grossProfit": "2281000000", "totalRevenue": "9639000000", "costOfRevenue": "7358000000", "costofGoodsAndServicesSold": "7358000000", "operatingIncome": "987000000", "sellingGeneralAndAdministrative": "1203000000", "researchAndDevelopment": "None", "operatingExpenses": "1294000000", "investmentIncomeNet": "None", "netInterestIncome": "-88000000", "interestIncome": "88000000", "interestExpense": "88000000", "nonInterestIncome": "None", "otherNonOperatingIncome": "None", "depreciation": "None", "depreciationAndAmortization": "187000000", "incomeBeforeTax": "987000000", "incomeTaxExpense": "168000000", "interestAndDebtExpense": "None", "netIncomeFromContinuingOperations": "1843000000", "comprehensiveIncomeNetOfTax": "None", "ebit": "1075000000", "ebitda": "1262000000", "netIncome": "819000000"}, {"fiscalDateEnding": "2022-09-30", "reportedCurrency": "USD", "grossProfit": "9303000000", "totalRevenue": "9303000000", "costOfRevenue": "7494000000", "costofGoodsAndServicesSold": "7494000000", "operatingIncome": "528000000", "sellingGeneralAndAdministrative": "1193000000", "researchAndDevelopment": "None", "operatingExpenses": "8775000000", "investmentIncomeNet": "None", "netInterestIncome": "-88000000", "interestIncome": "88000000", "interestExpense": "88000000", "nonInterestIncome": "None", "otherNonOperatingIncome": "None", "depreciation": "None", "depreciationAndAmortization": "1406000000", "incomeBeforeTax": "528000000", "incomeTaxExpense": "74000000", "interestAndDebtExpense": "None", "netIncomeFromContinuingOperations": "454000000", "comprehensiveIncomeNetOfTax": "None", "ebit": "616000000", "ebitda": "811000000", "netIncome": "454000000"}, {"fiscalDateEnding": "2022-06-30", "reportedCurrency": "USD", "grossProfit": "9136000000", "totalRevenue": "9136000000", "costOfRevenue": "7168000000", "costofGoodsAndServicesSold": "7168000000", "operatingIncome": "657000000", "sellingGeneralAndAdministrative": "1223000000", "researchAndDevelopment": "None", "operatingExpenses": "8479000000", "investmentIncomeNet": "None", "netInterestIncome": "-88000000", "interestIncome": "88000000", "interestExpense": "88000000", "nonInterestIncome": "None", "otherNonOperatingIncome": "None", "depreciation": "None", "depreciationAndAmortization": "1365000000", "incomeBeforeTax": "657000000", "incomeTaxExpense": "106000000", "interestAndDebtExpense": "None", "netIncomeFromContinuingOperations": "551000000", "comprehensiveIncomeNetOfTax": "None", "ebit": "745000000", "ebitda": "955000000", "netIncome": "551000000"}, {"fiscalDateEnding": "2022-03-31", "reportedCurrency": "USD", "grossProfit": "8809000000", "totalRevenue": "8809000000", "costOfRevenue": "6349000000", "costofGoodsAndServicesSold": "6349000000", "operatingIncome": "1182000000", "sellingGeneralAndAdministrative": "1191000000", "researchAndDevelopment": "None", "operatingExpenses": "7627000000", "investmentIncomeNet": "None", "netInterestIncome": "-87000000", "interestIncome": "87000000", "interestExpense": "87000000", "nonInterestIncome": "None", "otherNonOperatingIncome": "None", "depreciation": "None", "depreciationAndAmortization": "1310000000", "incomeBeforeTax": "1182000000", "incomeTaxExpense": "164000000", "interestAndDebtExpense": "None", "netIncomeFromContinuingOperations": "1018000000", "comprehensiveIncomeNetOfTax": "None", "ebit": "1269000000", "ebitda": "1503000000", "netIncome": "1018000000"}, {"fiscalDateEnding": "2021-12-31", "reportedCurrency": "USD", "grossProfit": "9011000000", "totalRevenue": "9011000000", "costOfRevenue": "6120000000", "costofGoodsAndServicesSold": "6120000000", "operatingIncome": "1114000000", "sellingGeneralAndAdministrative": "1153000000", "researchAndDevelopment": "None", "operatingExpenses": "7361000000", "investmentIncomeNet": "None", "netInterestIncome": "-88000000", "interestIncome": "88000000", "interestExpense": "88000000", "nonInterestIncome": "None", "otherNonOperatingIncome": "None", "depreciation": "None", "depreciationAndAmortization": "1301000000", "incomeBeforeTax": "1650000000", "incomeTaxExpense": "317000000", "interestAndDebtExpense": "None", "netIncomeFromContinuingOperations": "1333000000", "comprehensiveIncomeNetOfTax": "None", "ebit": "1738000000", "ebitda": "1946000000", "netIncome": "1333000000"}, {"fiscalDateEnding": "2021-09-30", "reportedCurrency": "USD", "grossProfit": "8805000000", "totalRevenue": "8805000000", "costOfRevenue": "6745000000", "costofGoodsAndServicesSold": "6745000000", "operatingIncome": "786000000", "sellingGeneralAndAdministrative": "1187000000", "researchAndDevelopment": "None", "operatingExpenses": "8019000000", "investmentIncomeNet": "None", "netInterestIncome": "-87000000", "interestIncome": "87000000", "interestExpense": "87000000", "nonInterestIncome": "None", "otherNonOperatingIncome": "None", "depreciation": "None", "depreciationAndAmortization": "1281000000", "incomeBeforeTax": "786000000", "incomeTaxExpense": "124000000", "interestAndDebtExpense": "None", "netIncomeFromContinuingOperations": "662000000", "comprehensiveIncomeNetOfTax": "None", "ebit": "873000000", "ebitda": "1085000000", "netIncome": "662000000"}, {"fiscalDateEnding": "2021-06-30", "reportedCurrency": "USD", "grossProfit": "8687000000", "totalRevenue": "8687000000", "costOfRevenue": "6299000000", "costofGoodsAndServicesSold": "6299000000", "operatingIncome": "934000000", "sellingGeneralAndAdministrative": "1174000000", "researchAndDevelopment": "None", "operatingExpenses": "7556000000", "investmentIncomeNet": "None", "netInterestIncome": "-83000000", "interestIncome": "83000000", "interestExpense": "83000000", "nonInterestIncome": "None", "otherNonOperatingIncome": "None", "depreciation": "None", "depreciationAndAmortization": "1254000000", "incomeBeforeTax": "1131000000", "incomeTaxExpense": "197000000", "interestAndDebtExpense": "None", "netIncomeFromContinuingOperations": "934000000", "comprehensiveIncomeNetOfTax": "None", "ebit": "1214000000", "ebitda": "1429000000", "netIncome": "934000000"}, {"fiscalDateEnding": "2021-03-31", "reportedCurrency": "USD", "grossProfit": "8313000000", "totalRevenue": "8313000000", "costOfRevenue": "6177000000", "costofGoodsAndServicesSold": "6177000000", "operatingIncome": "891000000", "sellingGeneralAndAdministrative": "1163000000", "researchAndDevelopment": "None", "operatingExpenses": "7422000000", "investmentIncomeNet": "None", "netInterestIncome": "-82000000", "interestIncome": "82000000", "interestExpense": "82000000", "nonInterestIncome": "None", "otherNonOperatingIncome": "None", "depreciation": "None", "depreciationAndAmortization": "1207000000", "incomeBeforeTax": "891000000", "incomeTaxExpense": "158000000", "interestAndDebtExpense": "None", "netIncomeFromContinuingOperations": "733000000", "comprehensiveIncomeNetOfTax": "None", "ebit": "973000000", "ebitda": "1208000000", "netIncome": "733000000"}, {"fiscalDateEnding": "2020-12-31", "reportedCurrency": "USD", "grossProfit": "8397000000", "totalRevenue": "8397000000", "costOfRevenue": "5556000000", "costofGoodsAndServicesSold": "5556000000", "operatingIncome": "1616000000", "sellingGeneralAndAdministrative": "1142000000", "researchAndDevelopment": "None", "operatingExpenses": "6950000000", "investmentIncomeNet": "None", "netInterestIncome": "-83000000", "interestIncome": "83000000", "interestExpense": "83000000", "nonInterestIncome": "None", "otherNonOperatingIncome": "None", "depreciation": "None", "depreciationAndAmortization": "212000000", "incomeBeforeTax": "1616000000", "incomeTaxExpense": "306000000", "interestAndDebtExpense": "None", "netIncomeFromContinuingOperations": "2390000000", "comprehensiveIncomeNetOfTax": "None", "ebit": "1699000000", "ebitda": "1911000000", "netIncome": "1310000000"}, {"fiscalDateEnding": "2020-09-30", "reportedCurrency": "USD", "grossProfit": "8275000000", "totalRevenue": "8275000000", "costOfRevenue": "6093000000", "costofGoodsAndServicesSold": "6093000000", "operatingIncome": "986000000", "sellingGeneralAndAdministrative": "1109000000", "researchAndDevelopment": "None", "operatingExpenses": "7289000000", "investmentIncomeNet": "None", "netInterestIncome": "-87000000", "interestIncome": "87000000", "interestExpense": "87000000", "nonInterestIncome": "None", "otherNonOperatingIncome": "None", "depreciation": "None", "depreciationAndAmortization": "1207000000", "incomeBeforeTax": "986000000", "incomeTaxExpense": "159000000", "interestAndDebtExpense": "None", "netIncomeFromContinuingOperations": "827000000", "comprehensiveIncomeNetOfTax": "None", "ebit": "1073000000", "ebitda": "1259000000", "netIncome": "827000000"}, {"fiscalDateEnding": "2020-06-30", "reportedCurrency": "USD", "grossProfit": "1121000000", "totalRevenue": "7401000000", "costOfRevenue": "6280000000", "costofGoodsAndServicesSold": "6280000000", "operatingIncome": "-85000000", "sellingGeneralAndAdministrative": "1121000000", "researchAndDevelopment": "None", "operatingExpenses": "1206000000", "investmentIncomeNet": "None", "netInterestIncome": "-85000000", "interestIncome": "85000000", "interestExpense": "85000000", "nonInterestIncome": "None", "otherNonOperatingIncome": "None", "depreciation": "None", "depreciationAndAmortization": "188000000", "incomeBeforeTax": "-85000000", "incomeTaxExpense": "-45000000", "interestAndDebtExpense": "None", "netIncomeFromContinuingOperations": "-40000000", "comprehensiveIncomeNetOfTax": "None", "ebit": "-85000000", "ebitda": "103000000", "netIncome": "-40000000"}, {"fiscalDateEnding": "2020-03-31", "reportedCurrency": "USD", "grossProfit": "1941000000", "totalRevenue": "7908000000", "costOfRevenue": "5967000000", "costofGoodsAndServicesSold": "5967000000", "operatingIncome": "720000000", "sellingGeneralAndAdministrative": "1137000000", "researchAndDevelopment": "None", "operatingExpenses": "1221000000", "investmentIncomeNet": "None", "netInterestIncome": "-84000000", "interestIncome": "84000000", "interestExpense": "84000000", "nonInterestIncome": "None", "otherNonOperatingIncome": "None", "depreciation": "None", "depreciationAndAmortization": "203000000", "incomeBeforeTax": "720000000", "incomeTaxExpense": "120000000", "interestAndDebtExpense": "None", "netIncomeFromContinuingOperations": "600000000", "comprehensiveIncomeNetOfTax": "None", "ebit": "804000000", "ebitda": "1007000000", "netIncome": "600000000"}, {"fiscalDateEnding": "2019-12-31", "reportedCurrency": "USD", "grossProfit": "2242000000", "totalRevenue": "8063000000", "costOfRevenue": "5821000000", "costofGoodsAndServicesSold": "5821000000", "operatingIncome": "1074000000", "sellingGeneralAndAdministrative": "1085000000", "researchAndDevelopment": "None", "operatingExpenses": "1168000000", "investmentIncomeNet": "None", "netInterestIncome": "-83000000", "interestIncome": "83000000", "interestExpense": "83000000", "nonInterestIncome": "None", "otherNonOperatingIncome": "None", "depreciation": "None", "depreciationAndAmortization": "182000000", "incomeBeforeTax": "1074000000", "incomeTaxExpense": "201000000", "interestAndDebtExpense": "None", "netIncomeFromContinuingOperations": "1275000000", "comprehensiveIncomeNetOfTax": "None", "ebit": "1157000000", "ebitda": "1339000000", "netIncome": "873000000"}, {"fiscalDateEnding": "2019-09-30", "reportedCurrency": "USD", "grossProfit": "8013000000", "totalRevenue": "8013000000", "costOfRevenue": "6399000000", "costofGoodsAndServicesSold": "6399000000", "operatingIncome": "432000000", "sellingGeneralAndAdministrative": "1098000000", "researchAndDevelopment": "None", "operatingExpenses": "7497000000", "investmentIncomeNet": "None", "netInterestIncome": "-84000000", "interestIncome": "84000000", "interestExpense": "84000000", "nonInterestIncome": "None", "otherNonOperatingIncome": "None", "depreciation": "None", "depreciationAndAmortization": "1169000000", "incomeBeforeTax": "432000000", "incomeTaxExpense": "36000000", "interestAndDebtExpense": "None", "netIncomeFromContinuingOperations": "396000000", "comprehensiveIncomeNetOfTax": "None", "ebit": "516000000", "ebitda": "696000000", "netIncome": "396000000"}, {"fiscalDateEnding": "2019-06-30", "reportedCurrency": "USD", "grossProfit": "1879000000", "totalRevenue": "7834000000", "costOfRevenue": "5955000000", "costofGoodsAndServicesSold": "5955000000", "operatingIncome": "665000000", "sellingGeneralAndAdministrative": "1125000000", "researchAndDevelopment": "None", "operatingExpenses": "1214000000", "investmentIncomeNet": "None", "netInterestIncome": "-89000000", "interestIncome": "89000000", "interestExpense": "89000000", "nonInterestIncome": "None", "otherNonOperatingIncome": "None", "depreciation": "None", "depreciationAndAmortization": "190000000", "incomeBeforeTax": "665000000", "incomeTaxExpense": "108000000", "interestAndDebtExpense": "None", "netIncomeFromContinuingOperations": "557000000", "comprehensiveIncomeNetOfTax": "None", "ebit": "754000000", "ebitda": "944000000", "netIncome": "557000000"}, {"fiscalDateEnding": "2019-03-31", "reportedCurrency": "USD", "grossProfit": "2112000000", "totalRevenue": "7671000000", "costOfRevenue": "5559000000", "costofGoodsAndServicesSold": "5559000000", "operatingIncome": "967000000", "sellingGeneralAndAdministrative": "1057000000", "researchAndDevelopment": "0", "operatingExpenses": "1145000000", "investmentIncomeNet": "None", "netInterestIncome": "-88000000", "interestIncome": "None", "interestExpense": "88000000", "nonInterestIncome": "None", "otherNonOperatingIncome": "None", "depreciation": "None", "depreciationAndAmortization": "211000000", "incomeBeforeTax": "967000000", "incomeTaxExpense": "171000000", "interestAndDebtExpense": "None", "netIncomeFromContinuingOperations": "1138000000", "comprehensiveIncomeNetOfTax": "None", "ebit": "1055000000", "ebitda": "1266000000", "netIncome": "796000000"}, {"fiscalDateEnding": "2018-12-31", "reportedCurrency": "USD", "grossProfit": "1896000000", "totalRevenue": "7796000000", "costOfRevenue": "5900000000", "costofGoodsAndServicesSold": "5900000000", "operatingIncome": "746000000", "sellingGeneralAndAdministrative": "1063000000", "researchAndDevelopment": "0", "operatingExpenses": "1150000000", "investmentIncomeNet": "None", "netInterestIncome": "None", "interestIncome": "None", "interestExpense": "87000000", "nonInterestIncome": "None", "otherNonOperatingIncome": "None", "depreciation": "None", "depreciationAndAmortization": "194000000", "incomeBeforeTax": "746000000", "incomeTaxExpense": "125000000", "interestAndDebtExpense": "None", "netIncomeFromContinuingOperations": "871000000", "comprehensiveIncomeNetOfTax": "None", "ebit": "833000000", "ebitda": "1027000000", "netIncome": "621000000"}, {"fiscalDateEnding": "2018-09-30", "reportedCurrency": "USD", "grossProfit": "1951000000", "totalRevenue": "7723000000", "costOfRevenue": "5772000000", "costofGoodsAndServicesSold": "5772000000", "operatingIncome": "806000000", "sellingGeneralAndAdministrative": "1059000000", "researchAndDevelopment": "0", "operatingExpenses": "1145000000", "investmentIncomeNet": "None", "netInterestIncome": "None", "interestIncome": "None", "interestExpense": "86000000", "nonInterestIncome": "None", "otherNonOperatingIncome": "None", "depreciation": "None", "depreciationAndAmortization": "198000000", "incomeBeforeTax": "806000000", "incomeTaxExpense": "97000000", "interestAndDebtExpense": "None", "netIncomeFromContinuingOperations": "903000000", "comprehensiveIncomeNetOfTax": "None", "ebit": "892000000", "ebitda": "1090000000", "netIncome": "709000000"}, {"fiscalDateEnding": "2018-06-30", "reportedCurrency": "USD", "grossProfit": "1834000000", "totalRevenue": "7477000000", "costOfRevenue": "5643000000", "costofGoodsAndServicesSold": "5643000000", "operatingIncome": "631000000", "sellingGeneralAndAdministrative": "1113000000", "researchAndDevelopment": "0", "operatingExpenses": "1203000000", "investmentIncomeNet": "None", "netInterestIncome": "None", "interestIncome": "None", "interestExpense": "90000000", "nonInterestIncome": "None", "otherNonOperatingIncome": "None", "depreciation": "None", "depreciationAndAmortization": "199000000", "incomeBeforeTax": "631000000", "incomeTaxExpense": "107000000", "interestAndDebtExpense": "None", "netIncomeFromContinuingOperations": "738000000", "comprehensiveIncomeNetOfTax": "None", "ebit": "721000000", "ebitda": "920000000", "netIncome": "524000000"}, {"fiscalDateEnding": "2018-03-31", "reportedCurrency": "USD", "grossProfit": "1929000000", "totalRevenue": "7286000000", "costOfRevenue": "5357000000", "costofGoodsAndServicesSold": "5357000000", "operatingIncome": "778000000", "sellingGeneralAndAdministrative": "1062000000", "researchAndDevelopment": "0", "operatingExpenses": "1151000000", "investmentIncomeNet": "None", "netInterestIncome": "None", "interestIncome": "None", "interestExpense": "89000000", "nonInterestIncome": "None", "otherNonOperatingIncome": "None", "depreciation": "None", "depreciationAndAmortization": "212000000", "incomeBeforeTax": "778000000", "incomeTaxExpense": "109000000", "interestAndDebtExpense": "None", "netIncomeFromContinuingOperations": "887000000", "comprehensiveIncomeNetOfTax": "None", "ebit": "867000000", "ebitda": "1079000000", "netIncome": "669000000"}, {"fiscalDateEnding": "2017-12-31", "reportedCurrency": "USD", "grossProfit": "2037000000", "totalRevenue": "7451000000", "costOfRevenue": "5414000000", "costofGoodsAndServicesSold": "5414000000", "operatingIncome": "860000000", "sellingGeneralAndAdministrative": "1084000000", "researchAndDevelopment": "0", "operatingExpenses": "1177000000", "investmentIncomeNet": "None", "netInterestIncome": "None", "interestIncome": "None", "interestExpense": "93000000", "nonInterestIncome": "None", "otherNonOperatingIncome": "None", "depreciation": "None", "depreciationAndAmortization": "202000000", "incomeBeforeTax": "860000000", "incomeTaxExpense": "309000000", "interestAndDebtExpense": "None", "netIncomeFromContinuingOperations": "1169000000", "comprehensiveIncomeNetOfTax": "None", "ebit": "953000000", "ebitda": "1155000000", "netIncome": "551000000"}, {"fiscalDateEnding": "2017-09-30", "reportedCurrency": "USD", "grossProfit": "1460000000", "totalRevenue": "7325000000", "costOfRevenue": "5865000000", "costofGoodsAndServicesSold": "5865000000", "operatingIncome": "320000000", "sellingGeneralAndAdministrative": "1045000000", "researchAndDevelopment": "0", "operatingExpenses": "1140000000", "investmentIncomeNet": "None", "netInterestIncome": "None", "interestIncome": "None", "interestExpense": "95000000", "nonInterestIncome": "None", "otherNonOperatingIncome": "None", "depreciation": "None", "depreciationAndAmortization": "202000000", "incomeBeforeTax": "320000000", "incomeTaxExpense": "27000000", "interestAndDebtExpense": "None", "netIncomeFromContinuingOperations": "347000000", "comprehensiveIncomeNetOfTax": "None", "ebit": "415000000", "ebitda": "617000000", "netIncome": "293000000"}, {"fiscalDateEnding": "2017-06-30", "reportedCurrency": "USD", "grossProfit": "1927000000", "totalRevenue": "7184000000", "costOfRevenue": "5257000000", "costofGoodsAndServicesSold": "5257000000", "operatingIncome": "790000000", "sellingGeneralAndAdministrative": "1045000000", "researchAndDevelopment": "0", "operatingExpenses": "1137000000", "investmentIncomeNet": "None", "netInterestIncome": "None", "interestIncome": "None", "interestExpense": "92000000", "nonInterestIncome": "None", "otherNonOperatingIncome": "None", "depreciation": "None", "depreciationAndAmortization": "198000000", "incomeBeforeTax": "790000000", "incomeTaxExpense": "195000000", "interestAndDebtExpense": "None", "netIncomeFromContinuingOperations": "985000000", "comprehensiveIncomeNetOfTax": "None", "ebit": "882000000", "ebitda": "1080000000", "netIncome": "595000000"}, {"fiscalDateEnding": "2017-03-31", "reportedCurrency": "USD", "grossProfit": "1845000000", "totalRevenue": "6942000000", "costOfRevenue": "5097000000", "costofGoodsAndServicesSold": "5097000000", "operatingIncome": "760000000", "sellingGeneralAndAdministrative": "996000000", "researchAndDevelopment": "0", "operatingExpenses": "1085000000", "investmentIncomeNet": "None", "netInterestIncome": "None", "interestIncome": "None", "interestExpense": "89000000", "nonInterestIncome": "None", "otherNonOperatingIncome": "None", "depreciation": "None", "depreciationAndAmortization": "211000000", "incomeBeforeTax": "760000000", "incomeTaxExpense": "143000000", "interestAndDebtExpense": "None", "netIncomeFromContinuingOperations": "903000000", "comprehensiveIncomeNetOfTax": "None", "ebit": "849000000", "ebitda": "1060000000", "netIncome": "617000000"}, {"fiscalDateEnding": "2016-12-31", "reportedCurrency": "USD", "grossProfit": "2440000000", "totalRevenue": "7193000000", "costOfRevenue": "4753000000", "costofGoodsAndServicesSold": "4753000000", "operatingIncome": "1302000000", "sellingGeneralAndAdministrative": "1048000000", "researchAndDevelopment": "0", "operatingExpenses": "1138000000", "investmentIncomeNet": "None", "netInterestIncome": "None", "interestIncome": "None", "interestExpense": "90000000", "nonInterestIncome": "None", "otherNonOperatingIncome": "None", "depreciation": "None", "depreciationAndAmortization": "202000000", "incomeBeforeTax": "1302000000", "incomeTaxExpense": "359000000", "interestAndDebtExpense": "None", "netIncomeFromContinuingOperations": "1661000000", "comprehensiveIncomeNetOfTax": "None", "ebit": "1392000000", "ebitda": "1594000000", "netIncome": "943000000"}, {"fiscalDateEnding": "2016-09-30", "reportedCurrency": "USD", "grossProfit": "2093000000", "totalRevenue": "6961000000", "costOfRevenue": "4868000000", "costofGoodsAndServicesSold": "4868000000", "operatingIncome": "947000000", "sellingGeneralAndAdministrative": "1057000000", "researchAndDevelopment": "0", "operatingExpenses": "1146000000", "investmentIncomeNet": "None", "netInterestIncome": "None", "interestIncome": "None", "interestExpense": "89000000", "nonInterestIncome": "None", "otherNonOperatingIncome": "None", "depreciation": "None", "depreciationAndAmortization": "211000000", "incomeBeforeTax": "947000000", "incomeTaxExpense": "231000000", "interestAndDebtExpense": "None", "netIncomeFromContinuingOperations": "1178000000", "comprehensiveIncomeNetOfTax": "None", "ebit": "1036000000", "ebitda": "1247000000", "netIncome": "716000000"}, {"fiscalDateEnding": "2016-06-30", "reportedCurrency": "USD", "grossProfit": "2034000000", "totalRevenue": "6785000000", "costOfRevenue": "4751000000", "costofGoodsAndServicesSold": "4751000000", "operatingIncome": "887000000", "sellingGeneralAndAdministrative": "1054000000", "researchAndDevelopment": "0", "operatingExpenses": "1147000000", "investmentIncomeNet": "None", "netInterestIncome": "None", "interestIncome": "None", "interestExpense": "93000000", "nonInterestIncome": "None", "otherNonOperatingIncome": "None", "depreciation": "None", "depreciationAndAmortization": "200000000", "incomeBeforeTax": "887000000", "incomeTaxExpense": "223000000", "interestAndDebtExpense": "None", "netIncomeFromContinuingOperations": "1110000000", "comprehensiveIncomeNetOfTax": "None", "ebit": "980000000", "ebitda": "1180000000", "netIncome": "664000000"}, {"fiscalDateEnding": "2016-03-31", "reportedCurrency": "USD", "grossProfit": "2003000000", "totalRevenue": "6686000000", "costOfRevenue": "4683000000", "costofGoodsAndServicesSold": "4683000000", "operatingIncome": "917000000", "sellingGeneralAndAdministrative": "995000000", "researchAndDevelopment": "0", "operatingExpenses": "1086000000", "investmentIncomeNet": "None", "netInterestIncome": "None", "interestIncome": "None", "interestExpense": "91000000", "nonInterestIncome": "None", "otherNonOperatingIncome": "None", "depreciation": "None", "depreciationAndAmortization": "213000000", "incomeBeforeTax": "917000000", "incomeTaxExpense": "226000000", "interestAndDebtExpense": "None", "netIncomeFromContinuingOperations": "1143000000", "comprehensiveIncomeNetOfTax": "None", "ebit": "1008000000", "ebitda": "1221000000", "netIncome": "691000000"}, {"fiscalDateEnding": "2015-12-31", "reportedCurrency": "USD", "grossProfit": "2339000000", "totalRevenue": "6674000000", "costOfRevenue": "4335000000", "costofGoodsAndServicesSold": "4335000000", "operatingIncome": "1209000000", "sellingGeneralAndAdministrative": "1035000000", "researchAndDevelopment": "0", "operatingExpenses": "1130000000", "investmentIncomeNet": "None", "netInterestIncome": "None", "interestIncome": "None", "interestExpense": "95000000", "nonInterestIncome": "None", "otherNonOperatingIncome": "None", "depreciation": "None", "depreciationAndAmortization": "198000000", "incomeBeforeTax": "1209000000", "incomeTaxExpense": "343000000", "interestAndDebtExpense": "None", "netIncomeFromContinuingOperations": "1552000000", "comprehensiveIncomeNetOfTax": "None", "ebit": "1304000000", "ebitda": "1502000000", "netIncome": "866000000"}, {"fiscalDateEnding": "2015-09-30", "reportedCurrency": "USD", "grossProfit": "2429000000", "totalRevenue": "6798000000", "costOfRevenue": "4369000000", "costofGoodsAndServicesSold": "4369000000", "operatingIncome": "1307000000", "sellingGeneralAndAdministrative": "1028000000", "researchAndDevelopment": "0", "operatingExpenses": "1122000000", "investmentIncomeNet": "None", "netInterestIncome": "None", "interestIncome": "None", "interestExpense": "94000000", "nonInterestIncome": "None", "otherNonOperatingIncome": "None", "depreciation": "None", "depreciationAndAmortization": "191000000", "incomeBeforeTax": "1307000000", "incomeTaxExpense": "379000000", "interestAndDebtExpense": "None", "netIncomeFromContinuingOperations": "1686000000", "comprehensiveIncomeNetOfTax": "None", "ebit": "1401000000", "ebitda": "1592000000", "netIncome": "928000000"}, {"fiscalDateEnding": "2015-06-30", "reportedCurrency": "USD", "grossProfit": "2200000000", "totalRevenue": "6710000000", "costOfRevenue": "4510000000", "costofGoodsAndServicesSold": "4510000000", "operatingIncome": "1076000000", "sellingGeneralAndAdministrative": "1032000000", "researchAndDevelopment": "0", "operatingExpenses": "1124000000", "investmentIncomeNet": "None", "netInterestIncome": "None", "interestIncome": "None", "interestExpense": "92000000", "nonInterestIncome": "None", "otherNonOperatingIncome": "None", "depreciation": "None", "depreciationAndAmortization": "204000000", "incomeBeforeTax": "1076000000", "incomeTaxExpense": "264000000", "interestAndDebtExpense": "None", "netIncomeFromContinuingOperations": "1340000000", "comprehensiveIncomeNetOfTax": "None", "ebit": "1168000000", "ebitda": "1372000000", "netIncome": "812000000"}, {"fiscalDateEnding": "2015-03-31", "reportedCurrency": "USD", "grossProfit": "2235000000", "totalRevenue": "6629000000", "costOfRevenue": "4394000000", "costofGoodsAndServicesSold": "4394000000", "operatingIncome": "1148000000", "sellingGeneralAndAdministrative": "995000000", "researchAndDevelopment": "0", "operatingExpenses": "1087000000", "investmentIncomeNet": "None", "netInterestIncome": "None", "interestIncome": "None", "interestExpense": "92000000", "nonInterestIncome": "None", "otherNonOperatingIncome": "None", "depreciation": "None", "depreciationAndAmortization": "225000000", "incomeBeforeTax": "1148000000", "incomeTaxExpense": "315000000", "interestAndDebtExpense": "None", "netIncomeFromContinuingOperations": "1463000000", "comprehensiveIncomeNetOfTax": "None", "ebit": "1240000000", "ebitda": "1465000000", "netIncome": "833000000"}, {"fiscalDateEnding": "2014-12-31", "reportedCurrency": "USD", "grossProfit": "2591000000", "totalRevenue": "6783000000", "costOfRevenue": "4192000000", "costofGoodsAndServicesSold": "4192000000", "operatingIncome": "1460000000", "sellingGeneralAndAdministrative": "1039000000", "researchAndDevelopment": "0", "operatingExpenses": "1131000000", "investmentIncomeNet": "None", "netInterestIncome": "None", "interestIncome": "None", "interestExpense": "92000000", "nonInterestIncome": "None", "otherNonOperatingIncome": "None", "depreciation": "None", "depreciationAndAmortization": "211000000", "incomeBeforeTax": "1460000000", "incomeTaxExpense": "422000000", "interestAndDebtExpense": "None", "netIncomeFromContinuingOperations": "1882000000", "comprehensiveIncomeNetOfTax": "None", "ebit": "1552000000", "ebitda": "1763000000", "netIncome": "1038000000"}, {"fiscalDateEnding": "2014-09-30", "reportedCurrency": "USD", "grossProfit": "2382000000", "totalRevenue": "6886000000", "costOfRevenue": "4504000000", "costofGoodsAndServicesSold": "4504000000", "operatingIncome": "1258000000", "sellingGeneralAndAdministrative": "1031000000", "researchAndDevelopment": "0", "operatingExpenses": "1124000000", "investmentIncomeNet": "None", "netInterestIncome": "None", "interestIncome": "None", "interestExpense": "93000000", "nonInterestIncome": "None", "otherNonOperatingIncome": "None", "depreciation": "None", "depreciationAndAmortization": "211000000", "incomeBeforeTax": "1258000000", "incomeTaxExpense": "339000000", "interestAndDebtExpense": "None", "netIncomeFromContinuingOperations": "1597000000", "comprehensiveIncomeNetOfTax": "None", "ebit": "1351000000", "ebitda": "1562000000", "netIncome": "919000000"}, {"fiscalDateEnding": "2014-06-30", "reportedCurrency": "USD", "grossProfit": "1994000000", "totalRevenue": "6785000000", "costOfRevenue": "4791000000", "costofGoodsAndServicesSold": "4791000000", "operatingIncome": "901000000", "sellingGeneralAndAdministrative": "1001000000", "researchAndDevelopment": "0", "operatingExpenses": "1093000000", "investmentIncomeNet": "None", "netInterestIncome": "None", "interestIncome": "None", "interestExpense": "92000000", "nonInterestIncome": "None", "otherNonOperatingIncome": "None", "depreciation": "None", "depreciationAndAmortization": "215000000", "incomeBeforeTax": "901000000", "incomeTaxExpense": "218000000", "interestAndDebtExpense": "None", "netIncomeFromContinuingOperations": "1119000000", "comprehensiveIncomeNetOfTax": "None", "ebit": "993000000", "ebitda": "1208000000", "netIncome": "683000000"}, {"fiscalDateEnding": "2014-03-31", "reportedCurrency": "USD", "grossProfit": "2443000000", "totalRevenue": "6708000000", "costOfRevenue": "4265000000", "costofGoodsAndServicesSold": "4265000000", "operatingIncome": "1470000000", "sellingGeneralAndAdministrative": "881000000", "researchAndDevelopment": "0", "operatingExpenses": "973000000", "investmentIncomeNet": "None", "netInterestIncome": "None", "interestIncome": "None", "interestExpense": "92000000", "nonInterestIncome": "None", "otherNonOperatingIncome": "None", "depreciation": "None", "depreciationAndAmortization": "227000000", "incomeBeforeTax": "1470000000", "incomeTaxExpense": "418000000", "interestAndDebtExpense": "None", "netIncomeFromContinuingOperations": "1888000000", "comprehensiveIncomeNetOfTax": "None", "ebit": "1562000000", "ebitda": "1789000000", "netIncome": "1052000000"}, {"fiscalDateEnding": "2013-12-31", "reportedCurrency": "USD", "grossProfit": "2440000000", "totalRevenue": "6737000000", "costOfRevenue": "4297000000", "costofGoodsAndServicesSold": "4297000000", "operatingIncome": "1371000000", "sellingGeneralAndAdministrative": "977000000", "researchAndDevelopment": "0", "operatingExpenses": "1069000000", "investmentIncomeNet": "None", "netInterestIncome": "None", "interestIncome": "None", "interestExpense": "92000000", "nonInterestIncome": "None", "otherNonOperatingIncome": "None", "depreciation": "None", "depreciationAndAmortization": "225000000", "incomeBeforeTax": "1371000000", "incomeTaxExpense": "383000000", "interestAndDebtExpense": "None", "netIncomeFromContinuingOperations": "3532000000", "comprehensiveIncomeNetOfTax": "None", "ebit": "1463000000", "ebitda": "1688000000", "netIncome": "988000000"}, {"fiscalDateEnding": "2013-09-30", "reportedCurrency": "USD", "grossProfit": "2202000000", "totalRevenue": "6452000000", "costOfRevenue": "4250000000", "costofGoodsAndServicesSold": "4250000000", "operatingIncome": "1177000000", "sellingGeneralAndAdministrative": "934000000", "researchAndDevelopment": "0", "operatingExpenses": "1025000000", "investmentIncomeNet": "None", "netInterestIncome": "None", "interestIncome": "None", "interestExpense": "91000000", "nonInterestIncome": "None", "otherNonOperatingIncome": "None", "depreciation": "None", "depreciationAndAmortization": "207000000", "incomeBeforeTax": "1177000000", "incomeTaxExpense": "313000000", "interestAndDebtExpense": "None", "netIncomeFromContinuingOperations": "864000000", "comprehensiveIncomeNetOfTax": "None", "ebit": "1268000000", "ebitda": "1475000000", "netIncome": "864000000"}, {"fiscalDateEnding": "2013-06-30", "reportedCurrency": "USD", "grossProfit": "2194000000", "totalRevenue": "6674000000", "costOfRevenue": "4480000000", "costofGoodsAndServicesSold": "4480000000", "operatingIncome": "1177000000", "sellingGeneralAndAdministrative": "931000000", "researchAndDevelopment": "0", "operatingExpenses": "1017000000", "investmentIncomeNet": "None", "netInterestIncome": "None", "interestIncome": "None", "interestExpense": "86000000", "nonInterestIncome": "None", "otherNonOperatingIncome": "None", "depreciation": "None", "depreciationAndAmortization": "216000000", "incomeBeforeTax": "1177000000", "incomeTaxExpense": "252000000", "interestAndDebtExpense": "None", "netIncomeFromContinuingOperations": "925000000", "comprehensiveIncomeNetOfTax": "None", "ebit": "1263000000", "ebitda": "1479000000", "netIncome": "925000000"}, {"fiscalDateEnding": "2013-03-31", "reportedCurrency": "USD", "grossProfit": "2227000000", "totalRevenue": "6328000000", "costOfRevenue": "4101000000", "costofGoodsAndServicesSold": "4101000000", "operatingIncome": "1220000000", "sellingGeneralAndAdministrative": "915000000", "researchAndDevelopment": "0", "operatingExpenses": "1007000000", "investmentIncomeNet": "None", "netInterestIncome": "None", "interestIncome": "None", "interestExpense": "92000000", "nonInterestIncome": "None", "otherNonOperatingIncome": "None", "depreciation": "None", "depreciationAndAmortization": "219000000", "incomeBeforeTax": "1220000000", "incomeTaxExpense": "324000000", "interestAndDebtExpense": "None", "netIncomeFromContinuingOperations": "896000000", "comprehensiveIncomeNetOfTax": "None", "ebit": "1312000000", "ebitda": "1531000000", "netIncome": "896000000"}, {"fiscalDateEnding": "2012-12-31", "reportedCurrency": "USD", "grossProfit": "1333000000", "totalRevenue": "6477000000", "costOfRevenue": "5144000000", "costofGoodsAndServicesSold": "5144000000", "operatingIncome": "311000000", "sellingGeneralAndAdministrative": "929000000", "researchAndDevelopment": "0", "operatingExpenses": "1022000000", "investmentIncomeNet": "None", "netInterestIncome": "None", "interestIncome": "None", "interestExpense": "93000000", "nonInterestIncome": "None", "otherNonOperatingIncome": "None", "depreciation": "None", "depreciationAndAmortization": "209000000", "incomeBeforeTax": "311000000", "incomeTaxExpense": "7000000", "interestAndDebtExpense": "None", "netIncomeFromContinuingOperations": "304000000", "comprehensiveIncomeNetOfTax": "None", "ebit": "404000000", "ebitda": "613000000", "netIncome": "304000000"}, {"fiscalDateEnding": "2012-09-30", "reportedCurrency": "USD", "grossProfit": "2167000000", "totalRevenue": "6512000000", "costOfRevenue": "4345000000", "costofGoodsAndServicesSold": "4345000000", "operatingIncome": "1170000000", "sellingGeneralAndAdministrative": "904000000", "researchAndDevelopment": "0", "operatingExpenses": "997000000", "investmentIncomeNet": "None", "netInterestIncome": "None", "interestIncome": "None", "interestExpense": "93000000", "nonInterestIncome": "None", "otherNonOperatingIncome": "None", "depreciation": "None", "depreciationAndAmortization": "206000000", "incomeBeforeTax": "1170000000", "incomeTaxExpense": "306000000", "interestAndDebtExpense": "None", "netIncomeFromContinuingOperations": "864000000", "comprehensiveIncomeNetOfTax": "None", "ebit": "1263000000", "ebitda": "1469000000", "netIncome": "864000000"}, {"fiscalDateEnding": "2012-06-30", "reportedCurrency": "USD", "grossProfit": "1597000000", "totalRevenue": "6359000000", "costOfRevenue": "4762000000", "costofGoodsAndServicesSold": "4762000000", "operatingIncome": "608000000", "sellingGeneralAndAdministrative": "893000000", "researchAndDevelopment": "0", "operatingExpenses": "989000000", "investmentIncomeNet": "None", "netInterestIncome": "None", "interestIncome": "None", "interestExpense": "96000000", "nonInterestIncome": "None", "otherNonOperatingIncome": "None", "depreciation": "None", "depreciationAndAmortization": "196000000", "incomeBeforeTax": "608000000", "incomeTaxExpense": "109000000", "interestAndDebtExpense": "None", "netIncomeFromContinuingOperations": "499000000", "comprehensiveIncomeNetOfTax": "None", "ebit": "704000000", "ebitda": "900000000", "netIncome": "499000000"}, {"fiscalDateEnding": "2012-03-31", "reportedCurrency": "USD", "grossProfit": "2057000000", "totalRevenue": "6392000000", "costOfRevenue": "4335000000", "costofGoodsAndServicesSold": "4335000000", "operatingIncome": "1077000000", "sellingGeneralAndAdministrative": "884000000", "researchAndDevelopment": "0", "operatingExpenses": "980000000", "investmentIncomeNet": "None", "netInterestIncome": "None", "interestIncome": "None", "interestExpense": "96000000", "nonInterestIncome": "None", "otherNonOperatingIncome": "None", "depreciation": "None", "depreciationAndAmortization": "216000000", "incomeBeforeTax": "1077000000", "incomeTaxExpense": "271000000", "interestAndDebtExpense": "None", "netIncomeFromContinuingOperations": "806000000", "comprehensiveIncomeNetOfTax": "None", "ebit": "1173000000", "ebitda": "1389000000", "netIncome": "806000000"}, {"fiscalDateEnding": "2011-12-31", "reportedCurrency": "USD", "grossProfit": "1780000000", "totalRevenue": "6373000000", "costOfRevenue": "4593000000", "costofGoodsAndServicesSold": "4593000000", "operatingIncome": "778000000", "sellingGeneralAndAdministrative": "906000000", "researchAndDevelopment": "0", "operatingExpenses": "1002000000", "investmentIncomeNet": "None", "netInterestIncome": "None", "interestIncome": "None", "interestExpense": "96000000", "nonInterestIncome": "None", "otherNonOperatingIncome": "None", "depreciation": "None", "depreciationAndAmortization": "203000000", "incomeBeforeTax": "778000000", "incomeTaxExpense": "160000000", "interestAndDebtExpense": "None", "netIncomeFromContinuingOperations": "618000000", "comprehensiveIncomeNetOfTax": "None", "ebit": "874000000", "ebitda": "1077000000", "netIncome": "618000000"}, {"fiscalDateEnding": "2011-09-30", "reportedCurrency": "USD", "grossProfit": "1289000000", "totalRevenue": "6407000000", "costOfRevenue": "5118000000", "costofGoodsAndServicesSold": "5118000000", "operatingIncome": "332000000", "sellingGeneralAndAdministrative": "860000000", "researchAndDevelopment": "0", "operatingExpenses": "957000000", "investmentIncomeNet": "None", "netInterestIncome": "None", "interestIncome": "None", "interestExpense": "97000000", "nonInterestIncome": "None", "otherNonOperatingIncome": "None", "depreciation": "None", "depreciationAndAmortization": "194000000", "incomeBeforeTax": "332000000", "incomeTaxExpense": "-1000000", "interestAndDebtExpense": "None", "netIncomeFromContinuingOperations": "333000000", "comprehensiveIncomeNetOfTax": "None", "ebit": "429000000", "ebitda": "623000000", "netIncome": "333000000"}, {"fiscalDateEnding": "2011-06-30", "reportedCurrency": "USD", "grossProfit": "277000000", "totalRevenue": "6388000000", "costOfRevenue": "6111000000", "costofGoodsAndServicesSold": "6111000000", "operatingIncome": "-727000000", "sellingGeneralAndAdministrative": "907000000", "researchAndDevelopment": "0", "operatingExpenses": "1004000000", "investmentIncomeNet": "None", "netInterestIncome": "None", "interestIncome": "None", "interestExpense": "97000000", "nonInterestIncome": "None", "otherNonOperatingIncome": "None", "depreciation": "None", "depreciationAndAmortization": "197000000", "incomeBeforeTax": "-727000000", "incomeTaxExpense": "-363000000", "interestAndDebtExpense": "None", "netIncomeFromContinuingOperations": "-364000000", "comprehensiveIncomeNetOfTax": "None", "ebit": "-630000000", "ebitda": "-433000000", "netIncome": "-364000000"}, {"fiscalDateEnding": "2011-03-31", "reportedCurrency": "USD", "grossProfit": "1948000000", "totalRevenue": "6278000000", "costOfRevenue": "4330000000", "costofGoodsAndServicesSold": "4330000000", "operatingIncome": "969000000", "sellingGeneralAndAdministrative": "883000000", "researchAndDevelopment": "0", "operatingExpenses": "979000000", "investmentIncomeNet": "None", "netInterestIncome": "None", "interestIncome": "None", "interestExpense": "96000000", "nonInterestIncome": "None", "otherNonOperatingIncome": "None", "depreciation": "None", "depreciationAndAmortization": "208000000", "incomeBeforeTax": "969000000", "incomeTaxExpense": "130000000", "interestAndDebtExpense": "None", "netIncomeFromContinuingOperations": "839000000", "comprehensiveIncomeNetOfTax": "None", "ebit": "1065000000", "ebitda": "1273000000", "netIncome": "839000000"}, {"fiscalDateEnding": "2010-12-31", "reportedCurrency": "USD", "grossProfit": "2185000000", "totalRevenue": "6332000000", "costOfRevenue": "4147000000", "costofGoodsAndServicesSold": "4147000000", "operatingIncome": "1197000000", "sellingGeneralAndAdministrative": "890000000", "researchAndDevelopment": "0", "operatingExpenses": "988000000", "investmentIncomeNet": "None", "netInterestIncome": "None", "interestIncome": "None", "interestExpense": "98000000", "nonInterestIncome": "None", "otherNonOperatingIncome": "None", "depreciation": "None", "depreciationAndAmortization": "204000000", "incomeBeforeTax": "1197000000", "incomeTaxExpense": "303000000", "interestAndDebtExpense": "None", "netIncomeFromContinuingOperations": "894000000", "comprehensiveIncomeNetOfTax": "None", "ebit": "1295000000", "ebitda": "1499000000", "netIncome": "894000000"}, {"fiscalDateEnding": "2010-09-30", "reportedCurrency": "USD", "grossProfit": "2303000000", "totalRevenue": "6482000000", "costOfRevenue": "4179000000", "costofGoodsAndServicesSold": "4179000000", "operatingIncome": "1371000000", "sellingGeneralAndAdministrative": "837000000", "researchAndDevelopment": "0", "operatingExpenses": "932000000", "investmentIncomeNet": "None", "netInterestIncome": "None", "interestIncome": "None", "interestExpense": "95000000", "nonInterestIncome": "None", "otherNonOperatingIncome": "None", "depreciation": "None", "depreciationAndAmortization": "197000000", "incomeBeforeTax": "1371000000", "incomeTaxExpense": "366000000", "interestAndDebtExpense": "None", "netIncomeFromContinuingOperations": "1005000000", "comprehensiveIncomeNetOfTax": "None", "ebit": "1466000000", "ebitda": "1663000000", "netIncome": "1005000000"}, {"fiscalDateEnding": "2010-06-30", "reportedCurrency": "USD", "grossProfit": "1810000000", "totalRevenue": "6179000000", "costOfRevenue": "4369000000", "costofGoodsAndServicesSold": "4369000000", "operatingIncome": "881000000", "sellingGeneralAndAdministrative": "832000000", "researchAndDevelopment": "0", "operatingExpenses": "929000000", "investmentIncomeNet": "None", "netInterestIncome": "None", "interestIncome": "None", "interestExpense": "97000000", "nonInterestIncome": "None", "otherNonOperatingIncome": "None", "depreciation": "None", "depreciationAndAmortization": "195000000", "incomeBeforeTax": "881000000", "incomeTaxExpense": "211000000", "interestAndDebtExpense": "None", "netIncomeFromContinuingOperations": "670000000", "comprehensiveIncomeNetOfTax": "None", "ebit": "978000000", "ebitda": "1173000000", "netIncome": "670000000"}, {"fiscalDateEnding": "2010-03-31", "reportedCurrency": "USD", "grossProfit": "1802000000", "totalRevenue": "6119000000", "costOfRevenue": "4317000000", "costofGoodsAndServicesSold": "4317000000", "operatingIncome": "857000000", "sellingGeneralAndAdministrative": "847000000", "researchAndDevelopment": "0", "operatingExpenses": "945000000", "investmentIncomeNet": "None", "netInterestIncome": "None", "interestIncome": "None", "interestExpense": "98000000", "nonInterestIncome": "None", "otherNonOperatingIncome": "None", "depreciation": "None", "depreciationAndAmortization": "216000000", "incomeBeforeTax": "857000000", "incomeTaxExpense": "210000000", "interestAndDebtExpense": "None", "netIncomeFromContinuingOperations": "647000000", "comprehensiveIncomeNetOfTax": "None", "ebit": "955000000", "ebitda": "1171000000", "netIncome": "647000000"}, {"fiscalDateEnding": "2009-12-31", "reportedCurrency": "USD", "grossProfit": "2747000000", "totalRevenue": "6456000000", "costOfRevenue": "3709000000", "costofGoodsAndServicesSold": "3709000000", "operatingIncome": "1793000000", "sellingGeneralAndAdministrative": "856000000", "researchAndDevelopment": "0", "operatingExpenses": "954000000", "investmentIncomeNet": "None", "netInterestIncome": "None", "interestIncome": "None", "interestExpense": "98000000", "nonInterestIncome": "None", "otherNonOperatingIncome": "None", "depreciation": "None", "depreciationAndAmortization": "195000000", "incomeBeforeTax": "1793000000", "incomeTaxExpense": "508000000", "interestAndDebtExpense": "None", "netIncomeFromContinuingOperations": "0", "comprehensiveIncomeNetOfTax": "None", "ebit": "1891000000", "ebitda": "2086000000", "netIncome": "1285000000"}, {"fiscalDateEnding": "2009-09-30", "reportedCurrency": "USD", "grossProfit": "2237000000", "totalRevenue": "6327000000", "costOfRevenue": "4090000000", "costofGoodsAndServicesSold": "4090000000", "operatingIncome": "1250000000", "sellingGeneralAndAdministrative": "889000000", "researchAndDevelopment": "0", "operatingExpenses": "987000000", "investmentIncomeNet": "None", "netInterestIncome": "None", "interestIncome": "None", "interestExpense": "98000000", "nonInterestIncome": "None", "otherNonOperatingIncome": "None", "depreciation": "None", "depreciationAndAmortization": "187000000", "incomeBeforeTax": "1250000000", "incomeTaxExpense": "315000000", "interestAndDebtExpense": "None", "netIncomeFromContinuingOperations": "935000000", "comprehensiveIncomeNetOfTax": "None", "ebit": "1348000000", "ebitda": "1535000000", "netIncome": "935000000"}, {"fiscalDateEnding": "2009-06-30", "reportedCurrency": "USD", "grossProfit": "1874000000", "totalRevenue": "6162000000", "costOfRevenue": "4288000000", "costofGoodsAndServicesSold": "4288000000", "operatingIncome": "941000000", "sellingGeneralAndAdministrative": "839000000", "researchAndDevelopment": "0", "operatingExpenses": "933000000", "investmentIncomeNet": "None", "netInterestIncome": "None", "interestIncome": "None", "interestExpense": "94000000", "nonInterestIncome": "None", "otherNonOperatingIncome": "None", "depreciation": "None", "depreciationAndAmortization": "209000000", "incomeBeforeTax": "941000000", "incomeTaxExpense": "201000000", "interestAndDebtExpense": "None", "netIncomeFromContinuingOperations": "0", "comprehensiveIncomeNetOfTax": "None", "ebit": "1035000000", "ebitda": "1244000000", "netIncome": "740000000"}, {"fiscalDateEnding": "2009-03-31", "reportedCurrency": "USD", "grossProfit": "1601000000", "totalRevenue": "5735000000", "costOfRevenue": "4134000000", "costofGoodsAndServicesSold": "4134000000", "operatingIncome": "727000000", "sellingGeneralAndAdministrative": "782000000", "researchAndDevelopment": "0", "operatingExpenses": "874000000", "investmentIncomeNet": "None", "netInterestIncome": "None", "interestIncome": "None", "interestExpense": "92000000", "nonInterestIncome": "None", "otherNonOperatingIncome": "None", "depreciation": "None", "depreciationAndAmortization": "206000000", "incomeBeforeTax": "727000000", "incomeTaxExpense": "65000000", "interestAndDebtExpense": "None", "netIncomeFromContinuingOperations": "0", "comprehensiveIncomeNetOfTax": "None", "ebit": "819000000", "ebitda": "1025000000", "netIncome": "662000000"}, {"fiscalDateEnding": "2008-12-31", "reportedCurrency": "USD", "grossProfit": "5805000000", "totalRevenue": "5805000000", "costOfRevenue": "3984000000", "costofGoodsAndServicesSold": "3984000000", "operatingIncome": "927000000", "sellingGeneralAndAdministrative": "800000000", "researchAndDevelopment": "0", "operatingExpenses": "4878000000", "investmentIncomeNet": "None", "netInterestIncome": "None", "interestIncome": "None", "interestExpense": "94000000", "nonInterestIncome": "None", "otherNonOperatingIncome": "None", "depreciation": "None", "depreciationAndAmortization": "194000000", "incomeBeforeTax": "927000000", "incomeTaxExpense": "126000000", "interestAndDebtExpense": "None", "netIncomeFromContinuingOperations": "0", "comprehensiveIncomeNetOfTax": "None", "ebit": "1021000000", "ebitda": "1215000000", "netIncome": "801000000"}, {"fiscalDateEnding": "2008-09-30", "reportedCurrency": "USD", "grossProfit": "1284000000", "totalRevenue": "6145000000", "costOfRevenue": "4861000000", "costofGoodsAndServicesSold": "4861000000", "operatingIncome": "188000000", "sellingGeneralAndAdministrative": "1001000000", "researchAndDevelopment": "0", "operatingExpenses": "1096000000", "investmentIncomeNet": "None", "netInterestIncome": "None", "interestIncome": "None", "interestExpense": "95000000", "nonInterestIncome": "None", "otherNonOperatingIncome": "None", "depreciation": "None", "depreciationAndAmortization": "213000000", "incomeBeforeTax": "188000000", "incomeTaxExpense": "-26000000", "interestAndDebtExpense": "None", "netIncomeFromContinuingOperations": "0", "comprehensiveIncomeNetOfTax": "None", "ebit": "283000000", "ebitda": "496000000", "netIncome": "214000000"}, {"fiscalDateEnding": "2008-06-30", "reportedCurrency": "USD", "grossProfit": "2242000000", "totalRevenue": "6295000000", "costOfRevenue": "4053000000", "costofGoodsAndServicesSold": "4053000000", "operatingIncome": "1287000000", "sellingGeneralAndAdministrative": "864000000", "researchAndDevelopment": "0", "operatingExpenses": "955000000", "investmentIncomeNet": "None", "netInterestIncome": "None", "interestIncome": "None", "interestExpense": "91000000", "nonInterestIncome": "None", "otherNonOperatingIncome": "None", "depreciation": "None", "depreciationAndAmortization": "201000000", "incomeBeforeTax": "1287000000", "incomeTaxExpense": "345000000", "interestAndDebtExpense": "None", "netIncomeFromContinuingOperations": "0", "comprehensiveIncomeNetOfTax": "None", "ebit": "1378000000", "ebitda": "1579000000", "netIncome": "942000000"}, {"fiscalDateEnding": "2008-03-31", "reportedCurrency": "USD", "grossProfit": "2257000000", "totalRevenue": "6232000000", "costOfRevenue": "3975000000", "costofGoodsAndServicesSold": "3975000000", "operatingIncome": "1314000000", "sellingGeneralAndAdministrative": "853000000", "researchAndDevelopment": "0", "operatingExpenses": "943000000", "investmentIncomeNet": "None", "netInterestIncome": "None", "interestIncome": "None", "interestExpense": "90000000", "nonInterestIncome": "None", "otherNonOperatingIncome": "None", "depreciation": "None", "depreciationAndAmortization": "213000000", "incomeBeforeTax": "1314000000", "incomeTaxExpense": "347000000", "interestAndDebtExpense": "None", "netIncomeFromContinuingOperations": "0", "comprehensiveIncomeNetOfTax": "None", "ebit": "1404000000", "ebitda": "1617000000", "netIncome": "967000000"}, {"fiscalDateEnding": "2007-12-31", "reportedCurrency": "USD", "grossProfit": "2398000000", "totalRevenue": "6491000000", "costOfRevenue": "4093000000", "costofGoodsAndServicesSold": "4093000000", "operatingIncome": "1441000000", "sellingGeneralAndAdministrative": "866000000", "researchAndDevelopment": "0", "operatingExpenses": "957000000", "investmentIncomeNet": "None", "netInterestIncome": "None", "interestIncome": "None", "interestExpense": "91000000", "nonInterestIncome": "None", "otherNonOperatingIncome": "None", "depreciation": "None", "depreciationAndAmortization": "206000000", "incomeBeforeTax": "1441000000", "incomeTaxExpense": "378000000", "interestAndDebtExpense": "None", "netIncomeFromContinuingOperations": "0", "comprehensiveIncomeNetOfTax": "None", "ebit": "1532000000", "ebitda": "1738000000", "netIncome": "1063000000"}, {"fiscalDateEnding": "2007-09-30", "reportedCurrency": "USD", "grossProfit": "2585000000", "totalRevenue": "6526000000", "costOfRevenue": "3941000000", "costofGoodsAndServicesSold": "3941000000", "operatingIncome": "1674000000", "sellingGeneralAndAdministrative": "817000000", "researchAndDevelopment": "0", "operatingExpenses": "911000000", "investmentIncomeNet": "None", "netInterestIncome": "None", "interestIncome": "None", "interestExpense": "94000000", "nonInterestIncome": "None", "otherNonOperatingIncome": "None", "depreciation": "None", "depreciationAndAmortization": "197000000", "incomeBeforeTax": "1674000000", "incomeTaxExpense": "476000000", "interestAndDebtExpense": "None", "netIncomeFromContinuingOperations": "0", "comprehensiveIncomeNetOfTax": "None", "ebit": "1768000000", "ebitda": "1965000000", "netIncome": "1198000000"}, {"fiscalDateEnding": "2007-06-30", "reportedCurrency": "USD", "grossProfit": "2562000000", "totalRevenue": "6573000000", "costOfRevenue": "4011000000", "costofGoodsAndServicesSold": "4011000000", "operatingIncome": "1641000000", "sellingGeneralAndAdministrative": "836000000", "researchAndDevelopment": "0", "operatingExpenses": "921000000", "investmentIncomeNet": "None", "netInterestIncome": "None", "interestIncome": "None", "interestExpense": "85000000", "nonInterestIncome": "None", "otherNonOperatingIncome": "None", "depreciation": "None", "depreciationAndAmortization": "203000000", "incomeBeforeTax": "1641000000", "incomeTaxExpense": "387000000", "interestAndDebtExpense": "None", "netIncomeFromContinuingOperations": "0", "comprehensiveIncomeNetOfTax": "None", "ebit": "1726000000", "ebitda": "1929000000", "netIncome": "1254000000"}, {"fiscalDateEnding": "2007-03-31", "reportedCurrency": "USD", "grossProfit": "2369000000", "totalRevenue": "6427000000", "costOfRevenue": "4058000000", "costofGoodsAndServicesSold": "4058000000", "operatingIncome": "1460000000", "sellingGeneralAndAdministrative": "833000000", "researchAndDevelopment": "0", "operatingExpenses": "909000000", "investmentIncomeNet": "None", "netInterestIncome": "None", "interestIncome": "None", "interestExpense": "76000000", "nonInterestIncome": "None", "otherNonOperatingIncome": "None", "depreciation": "None", "depreciationAndAmortization": "205000000", "incomeBeforeTax": "1460000000", "incomeTaxExpense": "374000000", "interestAndDebtExpense": "None", "netIncomeFromContinuingOperations": "0", "comprehensiveIncomeNetOfTax": "None", "ebit": "1536000000", "ebitda": "1741000000", "netIncome": "1086000000"}, {"fiscalDateEnding": "2006-12-31", "reportedCurrency": "USD", "grossProfit": "2600000000", "totalRevenue": "6469000000", "costOfRevenue": "3869000000", "costofGoodsAndServicesSold": "3869000000", "operatingIncome": "1589000000", "sellingGeneralAndAdministrative": "929000000", "researchAndDevelopment": "0", "operatingExpenses": "1011000000", "investmentIncomeNet": "None", "netInterestIncome": "None", "interestIncome": "None", "interestExpense": "82000000", "nonInterestIncome": "None", "otherNonOperatingIncome": "None", "depreciation": "None", "depreciationAndAmortization": "201000000", "incomeBeforeTax": "1589000000", "incomeTaxExpense": "400000000", "interestAndDebtExpense": "None", "netIncomeFromContinuingOperations": "0", "comprehensiveIncomeNetOfTax": "None", "ebit": "1671000000", "ebitda": "1872000000", "netIncome": "1189000000"}, {"fiscalDateEnding": "2006-09-30", "reportedCurrency": "USD", "grossProfit": "2411000000", "totalRevenue": "6316000000", "costOfRevenue": "3905000000", "costofGoodsAndServicesSold": "3905000000", "operatingIncome": "1454000000", "sellingGeneralAndAdministrative": "869000000", "researchAndDevelopment": "0", "operatingExpenses": "957000000", "investmentIncomeNet": "None", "netInterestIncome": "None", "interestIncome": "None", "interestExpense": "88000000", "nonInterestIncome": "None", "otherNonOperatingIncome": "None", "depreciation": "None", "depreciationAndAmortization": "213000000", "incomeBeforeTax": "1454000000", "incomeTaxExpense": "411000000", "interestAndDebtExpense": "None", "netIncomeFromContinuingOperations": "0", "comprehensiveIncomeNetOfTax": "None", "ebit": "1542000000", "ebitda": "1755000000", "netIncome": "1043000000"}, {"fiscalDateEnding": "2006-06-30", "reportedCurrency": "USD", "grossProfit": "2288000000", "totalRevenue": "6255000000", "costOfRevenue": "3967000000", "costofGoodsAndServicesSold": "3967000000", "operatingIncome": "1344000000", "sellingGeneralAndAdministrative": "866000000", "researchAndDevelopment": "0", "operatingExpenses": "944000000", "investmentIncomeNet": "None", "netInterestIncome": "None", "interestIncome": "None", "interestExpense": "78000000", "nonInterestIncome": "None", "otherNonOperatingIncome": "None", "depreciation": "None", "depreciationAndAmortization": "197000000", "incomeBeforeTax": "1344000000", "incomeTaxExpense": "374000000", "interestAndDebtExpense": "None", "netIncomeFromContinuingOperations": "0", "comprehensiveIncomeNetOfTax": "None", "ebit": "1422000000", "ebitda": "1619000000", "netIncome": "970000000"}, {"fiscalDateEnding": "2006-03-31", "reportedCurrency": "USD", "grossProfit": "2208000000", "totalRevenue": "6050000000", "costOfRevenue": "3842000000", "costofGoodsAndServicesSold": "3842000000", "operatingIncome": "1338000000", "sellingGeneralAndAdministrative": "794000000", "researchAndDevelopment": "0", "operatingExpenses": "870000000", "investmentIncomeNet": "None", "netInterestIncome": "None", "interestIncome": "None", "interestExpense": "76000000", "nonInterestIncome": "None", "otherNonOperatingIncome": "None", "depreciation": "None", "depreciationAndAmortization": "197000000", "incomeBeforeTax": "1338000000", "incomeTaxExpense": "332000000", "interestAndDebtExpense": "None", "netIncomeFromContinuingOperations": "0", "comprehensiveIncomeNetOfTax": "None", "ebit": "1414000000", "ebitda": "1611000000", "netIncome": "1006000000"}, {"fiscalDateEnding": "2005-12-31", "reportedCurrency": "USD", "grossProfit": "1110000000", "totalRevenue": "6181000000", "costOfRevenue": "5071000000", "costofGoodsAndServicesSold": "5071000000", "operatingIncome": "197000000", "sellingGeneralAndAdministrative": "838000000", "researchAndDevelopment": "0", "operatingExpenses": "913000000", "investmentIncomeNet": "None", "netInterestIncome": "None", "interestIncome": "None", "interestExpense": "75000000", "nonInterestIncome": "None", "otherNonOperatingIncome": "None", "depreciation": "None", "depreciationAndAmortization": "192000000", "incomeBeforeTax": "197000000", "incomeTaxExpense": "19000000", "interestAndDebtExpense": "None", "netIncomeFromContinuingOperations": "0", "comprehensiveIncomeNetOfTax": "None", "ebit": "272000000", "ebitda": "464000000", "netIncome": "179000000"}]}