{"symbol": "FANG", "annualReports": [{"fiscalDateEnding": "2024-12-31", "reportedCurrency": "USD", "grossProfit": "4972000000", "totalRevenue": "11023000000", "costOfRevenue": "6051000000", "costofGoodsAndServicesSold": "6051000000", "operatingIncome": "4396000000", "sellingGeneralAndAdministrative": "213000000", "researchAndDevelopment": "None", "operatingExpenses": "576000000", "investmentIncomeNet": "None", "netInterestIncome": "-135000000", "interestIncome": "156000000", "interestExpense": "291000000", "nonInterestIncome": "None", "otherNonOperatingIncome": "None", "depreciation": "None", "depreciationAndAmortization": "2850000000", "incomeBeforeTax": "4501000000", "incomeTaxExpense": "800000000", "interestAndDebtExpense": "None", "netIncomeFromContinuingOperations": "3701000000", "comprehensiveIncomeNetOfTax": "None", "ebit": "4789000000", "ebitda": "7639000000", "netIncome": "3338000000"}, {"fiscalDateEnding": "2023-12-31", "reportedCurrency": "USD", "grossProfit": "4798000000", "totalRevenue": "8339000000", "costOfRevenue": "3541000000", "costofGoodsAndServicesSold": "3541000000", "operatingIncome": "4570000000", "sellingGeneralAndAdministrative": "150000000", "researchAndDevelopment": "None", "operatingExpenses": "228000000", "investmentIncomeNet": "None", "netInterestIncome": "-175000000", "interestIncome": "2000000", "interestExpense": "175000000", "nonInterestIncome": "None", "otherNonOperatingIncome": "None", "depreciation": "None", "depreciationAndAmortization": "1746000000", "incomeBeforeTax": "4248000000", "incomeTaxExpense": "912000000", "interestAndDebtExpense": "None", "netIncomeFromContinuingOperations": "3336000000", "comprehensiveIncomeNetOfTax": "None", "ebit": "4423000000", "ebitda": "6169000000", "netIncome": "3143000000"}, {"fiscalDateEnding": "2022-12-31", "reportedCurrency": "USD", "grossProfit": "6701000000", "totalRevenue": "9566000000", "costOfRevenue": "2865000000", "costofGoodsAndServicesSold": "2865000000", "operatingIncome": "6508000000", "sellingGeneralAndAdministrative": "144000000", "researchAndDevelopment": "None", "operatingExpenses": "193000000", "investmentIncomeNet": "None", "netInterestIncome": "-159000000", "interestIncome": "1000000", "interestExpense": "160000000", "nonInterestIncome": "None", "otherNonOperatingIncome": "-613000000", "depreciation": "None", "depreciationAndAmortization": "1344000000", "incomeBeforeTax": "5736000000", "incomeTaxExpense": "1174000000", "interestAndDebtExpense": "None", "netIncomeFromContinuingOperations": "4562000000", "comprehensiveIncomeNetOfTax": "None", "ebit": "5884000000", "ebitda": "7228000000", "netIncome": "4386000000"}, {"fiscalDateEnding": "2021-12-31", "reportedCurrency": "USD", "grossProfit": "4270000000", "totalRevenue": "6747000000", "costOfRevenue": "2477000000", "costofGoodsAndServicesSold": "2477000000", "operatingIncome": "4001000000", "sellingGeneralAndAdministrative": "146000000", "researchAndDevelopment": "None", "operatingExpenses": "269000000", "investmentIncomeNet": "None", "netInterestIncome": "-199000000", "interestIncome": "1000000", "interestExpense": "200000000", "nonInterestIncome": "None", "otherNonOperatingIncome": "-895000000", "depreciation": "None", "depreciationAndAmortization": "1275000000", "incomeBeforeTax": "2907000000", "incomeTaxExpense": "631000000", "interestAndDebtExpense": "None", "netIncomeFromContinuingOperations": "2276000000", "comprehensiveIncomeNetOfTax": "None", "ebit": "3096000000", "ebitda": "4371000000", "netIncome": "2182000000"}, {"fiscalDateEnding": "2020-12-31", "reportedCurrency": "USD", "grossProfit": "637000000", "totalRevenue": "2813000000", "costOfRevenue": "2176000000", "costofGoodsAndServicesSold": "2176000000", "operatingIncome": "-5476000000", "sellingGeneralAndAdministrative": "88000000", "researchAndDevelopment": "None", "operatingExpenses": "6113000000", "investmentIncomeNet": "None", "netInterestIncome": "-197000000", "interestIncome": "4000000", "interestExpense": "201000000", "nonInterestIncome": "None", "otherNonOperatingIncome": "-103000000", "depreciation": "None", "depreciationAndAmortization": "1311000000", "incomeBeforeTax": "-5776000000", "incomeTaxExpense": "-1104000000", "interestAndDebtExpense": "None", "netIncomeFromContinuingOperations": "-4672000000", "comprehensiveIncomeNetOfTax": "None", "ebit": "-5581000000", "ebitda": "-4270000000", "netIncome": "-4517000000"}, {"fiscalDateEnding": "2019-12-31", "reportedCurrency": "USD", "grossProfit": "1593000000", "totalRevenue": "3964000000", "costOfRevenue": "2371000000", "costofGoodsAndServicesSold": "2371000000", "operatingIncome": "695000000", "sellingGeneralAndAdministrative": "104000000", "researchAndDevelopment": "None", "operatingExpenses": "898000000", "investmentIncomeNet": "None", "netInterestIncome": "-172000000", "interestIncome": "275000000", "interestExpense": "173000000", "nonInterestIncome": "None", "otherNonOperatingIncome": "-333000000", "depreciation": "None", "depreciationAndAmortization": "1454000000", "incomeBeforeTax": "362000000", "incomeTaxExpense": "47000000", "interestAndDebtExpense": "None", "netIncomeFromContinuingOperations": "315000000", "comprehensiveIncomeNetOfTax": "None", "ebit": "531000000", "ebitda": "1985000000", "netIncome": "240000000"}, {"fiscalDateEnding": "2018-12-31", "reportedCurrency": "USD", "grossProfit": "1117000000", "totalRevenue": "2176000000", "costOfRevenue": "1059000000", "costofGoodsAndServicesSold": "1059000000", "operatingIncome": "1011000000", "sellingGeneralAndAdministrative": "64554000", "researchAndDevelopment": "0", "operatingExpenses": "106000000", "investmentIncomeNet": "None", "netInterestIncome": "-87276000", "interestIncome": "13473000", "interestExpense": "87843000", "nonInterestIncome": "None", "otherNonOperatingIncome": "189745000", "depreciation": "None", "depreciationAndAmortization": "623000000", "incomeBeforeTax": "1113257000", "incomeTaxExpense": "168362000", "interestAndDebtExpense": "None", "netIncomeFromContinuingOperations": "944895000", "comprehensiveIncomeNetOfTax": "None", "ebit": "1191000000", "ebitda": "1814000000", "netIncome": "846000000"}, {"fiscalDateEnding": "2017-12-31", "reportedCurrency": "USD", "grossProfit": "654000000", "totalRevenue": "1205000000", "costOfRevenue": "551000000", "costofGoodsAndServicesSold": "551000000", "operatingIncome": "605000000", "sellingGeneralAndAdministrative": "48669000", "researchAndDevelopment": "0", "operatingExpenses": "49000000", "investmentIncomeNet": "None", "netInterestIncome": "-40554000", "interestIncome": "118066000", "interestExpense": "41000000", "nonInterestIncome": "None", "otherNonOperatingIncome": "-67277000", "depreciation": "None", "depreciationAndAmortization": "327000000", "incomeBeforeTax": "497189000", "incomeTaxExpense": "-19568000", "interestAndDebtExpense": "None", "netIncomeFromContinuingOperations": "516757000", "comprehensiveIncomeNetOfTax": "None", "ebit": "538000000", "ebitda": "865000000", "netIncome": "482000000"}, {"fiscalDateEnding": "2016-12-31", "reportedCurrency": "USD", "grossProfit": "220602000", "totalRevenue": "527107000", "costOfRevenue": "306505000", "costofGoodsAndServicesSold": "306505000", "operatingIncome": "-68617000", "sellingGeneralAndAdministrative": "42619000", "researchAndDevelopment": "0", "operatingExpenses": "289219000", "investmentIncomeNet": "None", "netInterestIncome": "-40684000", "interestIncome": "40684000", "interestExpense": "40684000", "nonInterestIncome": "None", "otherNonOperatingIncome": "-55415000", "depreciation": "None", "depreciationAndAmortization": "178015000", "incomeBeforeTax": "-164716000", "incomeTaxExpense": "192000", "interestAndDebtExpense": "None", "netIncomeFromContinuingOperations": "-164908000", "comprehensiveIncomeNetOfTax": "None", "ebit": "-124032000", "ebitda": "53983000", "netIncome": "-165034000"}, {"fiscalDateEnding": "2015-12-31", "reportedCurrency": "USD", "grossProfit": "107330000", "totalRevenue": "446733000", "costOfRevenue": "339403000", "costofGoodsAndServicesSold": "339403000", "operatingIncome": "-740269000", "sellingGeneralAndAdministrative": "31968000", "researchAndDevelopment": "0", "operatingExpenses": "847599000", "investmentIncomeNet": "None", "netInterestIncome": "None", "interestIncome": "9559000", "interestExpense": "41510000", "nonInterestIncome": "None", "otherNonOperatingIncome": "32679000", "depreciation": "None", "depreciationAndAmortization": "217697000", "incomeBeforeTax": "-749100000", "incomeTaxExpense": "-201310000", "interestAndDebtExpense": "None", "netIncomeFromContinuingOperations": "-547790000", "comprehensiveIncomeNetOfTax": "None", "ebit": "-707590000", "ebitda": "-489893000", "netIncome": "-550628000"}, {"fiscalDateEnding": "2014-12-31", "reportedCurrency": "USD", "grossProfit": "234403000", "totalRevenue": "495718000", "costOfRevenue": "261315000", "costofGoodsAndServicesSold": "261315000", "operatingIncome": "212670000", "sellingGeneralAndAdministrative": "21266000", "researchAndDevelopment": "0", "operatingExpenses": "21733000", "investmentIncomeNet": "None", "netInterestIncome": "None", "interestIncome": "None", "interestExpense": "34514000", "nonInterestIncome": "None", "otherNonOperatingIncome": "126801000", "depreciation": "None", "depreciationAndAmortization": "170005000", "incomeBeforeTax": "304956000", "incomeTaxExpense": "108985000", "interestAndDebtExpense": "None", "netIncomeFromContinuingOperations": "195971000", "comprehensiveIncomeNetOfTax": "None", "ebit": "339470000", "ebitda": "509475000", "netIncome": "193755000"}, {"fiscalDateEnding": "2013-12-31", "reportedCurrency": "USD", "grossProfit": "106431000", "totalRevenue": "208002000", "costOfRevenue": "101571000", "costofGoodsAndServicesSold": "101571000", "operatingIncome": "95194000", "sellingGeneralAndAdministrative": "11036000", "researchAndDevelopment": "0", "operatingExpenses": "11237000", "investmentIncomeNet": "None", "netInterestIncome": "None", "interestIncome": "None", "interestExpense": "8058999", "nonInterestIncome": "None", "otherNonOperatingIncome": "-794000", "depreciation": "None", "depreciationAndAmortization": "66597000", "incomeBeforeTax": "86341000", "incomeTaxExpense": "31754000", "interestAndDebtExpense": "None", "netIncomeFromContinuingOperations": "54587000", "comprehensiveIncomeNetOfTax": "None", "ebit": "92712000", "ebitda": "159309000", "netIncome": "54587000"}, {"fiscalDateEnding": "2012-12-31", "reportedCurrency": "USD", "grossProfit": "27781000", "totalRevenue": "74962000", "costOfRevenue": "47181000", "costofGoodsAndServicesSold": "47181000", "operatingIncome": "17307000", "sellingGeneralAndAdministrative": "10376000", "researchAndDevelopment": "0", "operatingExpenses": "10474000", "investmentIncomeNet": "None", "netInterestIncome": "None", "interestIncome": "None", "interestExpense": "3610000", "nonInterestIncome": "None", "otherNonOperatingIncome": "4685000", "depreciation": "None", "depreciationAndAmortization": "26273000", "incomeBeforeTax": "18382000", "incomeTaxExpense": "6553000", "interestAndDebtExpense": "None", "netIncomeFromContinuingOperations": "-36521000", "comprehensiveIncomeNetOfTax": "None", "ebit": "21391000", "ebitda": "47664000", "netIncome": "-36521000"}, {"fiscalDateEnding": "2011-12-31", "reportedCurrency": "USD", "grossProfit": "18867000", "totalRevenue": "49366000", "costOfRevenue": "30499000", "costofGoodsAndServicesSold": "30499000", "operatingIncome": "15147000", "sellingGeneralAndAdministrative": "3604000", "researchAndDevelopment": "None", "operatingExpenses": "3720000", "investmentIncomeNet": "None", "netInterestIncome": "None", "interestIncome": "None", "interestExpense": "2528000", "nonInterestIncome": "None", "otherNonOperatingIncome": "None", "depreciation": "None", "depreciationAndAmortization": "16104000", "incomeBeforeTax": "1971810", "incomeTaxExpense": "15526254", "interestAndDebtExpense": "None", "netIncomeFromContinuingOperations": "None", "comprehensiveIncomeNetOfTax": "None", "ebit": "1892000", "ebitda": "17996000", "netIncome": "-386000"}, {"fiscalDateEnding": "2010-12-31", "reportedCurrency": "USD", "grossProfit": "12255000", "totalRevenue": "27253000", "costOfRevenue": "14998000", "costofGoodsAndServicesSold": "14998000", "operatingIncome": "9181000", "sellingGeneralAndAdministrative": "3051000", "researchAndDevelopment": "None", "operatingExpenses": "3074000", "investmentIncomeNet": "None", "netInterestIncome": "None", "interestIncome": "None", "interestExpense": "836000", "nonInterestIncome": "None", "otherNonOperatingIncome": "None", "depreciation": "None", "depreciationAndAmortization": "8145000", "incomeBeforeTax": "9018010", "incomeTaxExpense": "949774", "interestAndDebtExpense": "None", "netIncomeFromContinuingOperations": "None", "comprehensiveIncomeNetOfTax": "None", "ebit": "9067000", "ebitda": "17212000", "netIncome": "8231000"}, {"fiscalDateEnding": "2009-12-31", "reportedCurrency": "USD", "grossProfit": "12010852", "totalRevenue": "12716011", "costOfRevenue": "705159", "costofGoodsAndServicesSold": "705159", "operatingIncome": "1337786", "sellingGeneralAndAdministrative": "None", "researchAndDevelopment": "None", "operatingExpenses": "10673066", "investmentIncomeNet": "None", "netInterestIncome": "None", "interestIncome": "None", "interestExpense": "10938", "nonInterestIncome": "None", "otherNonOperatingIncome": "None", "depreciation": "None", "depreciationAndAmortization": "3215891", "incomeBeforeTax": "-2730219", "incomeTaxExpense": "4043868", "interestAndDebtExpense": "None", "netIncomeFromContinuingOperations": "None", "comprehensiveIncomeNetOfTax": "None", "ebit": "1337786", "ebitda": "4553677", "netIncome": "-2706082"}], "quarterlyReports": [{"fiscalDateEnding": "2025-09-30", "reportedCurrency": "USD", "grossProfit": "1359000000", "totalRevenue": "3924000000", "costOfRevenue": "2565000000", "costofGoodsAndServicesSold": "2565000000", "operatingIncome": "1236000000", "sellingGeneralAndAdministrative": "70000000", "researchAndDevelopment": "None", "operatingExpenses": "123000000", "investmentIncomeNet": "None", "netInterestIncome": "-70000000", "interestIncome": "None", "interestExpense": "70000000", "nonInterestIncome": "None", "otherNonOperatingIncome": "None", "depreciation": "None", "depreciationAndAmortization": "1304000000", "incomeBeforeTax": "1370000000", "incomeTaxExpense": "287000000", "interestAndDebtExpense": "None", "netIncomeFromContinuingOperations": "1083000000", "comprehensiveIncomeNetOfTax": "None", "ebit": "1440000000", "ebitda": "2744000000", "netIncome": "1018000000"}, {"fiscalDateEnding": "2025-06-30", "reportedCurrency": "USD", "grossProfit": "1264000000", "totalRevenue": "3651000000", "costOfRevenue": "2387000000", "costofGoodsAndServicesSold": "2387000000", "operatingIncome": "1139000000", "sellingGeneralAndAdministrative": "67000000", "researchAndDevelopment": "None", "operatingExpenses": "125000000", "investmentIncomeNet": "None", "netInterestIncome": "-56000000", "interestIncome": "None", "interestExpense": "56000000", "nonInterestIncome": "None", "otherNonOperatingIncome": "None", "depreciation": "None", "depreciationAndAmortization": "1257000000", "incomeBeforeTax": "943000000", "incomeTaxExpense": "204000000", "interestAndDebtExpense": "None", "netIncomeFromContinuingOperations": "739000000", "comprehensiveIncomeNetOfTax": "None", "ebit": "999000000", "ebitda": "2256000000", "netIncome": "699000000"}, {"fiscalDateEnding": "2025-03-31", "reportedCurrency": "USD", "grossProfit": "1814000000", "totalRevenue": "4031000000", "costOfRevenue": "2217000000", "costofGoodsAndServicesSold": "2217000000", "operatingIncome": "1673000000", "sellingGeneralAndAdministrative": "73000000", "researchAndDevelopment": "None", "operatingExpenses": "141000000", "investmentIncomeNet": "None", "netInterestIncome": "-40000000", "interestIncome": "None", "interestExpense": "40000000", "nonInterestIncome": "None", "otherNonOperatingIncome": "None", "depreciation": "None", "depreciationAndAmortization": "1088000000", "incomeBeforeTax": "1894000000", "incomeTaxExpense": "403000000", "interestAndDebtExpense": "None", "netIncomeFromContinuingOperations": "1491000000", "comprehensiveIncomeNetOfTax": "None", "ebit": "1934000000", "ebitda": "3022000000", "netIncome": "1405000000"}, {"fiscalDateEnding": "2024-12-31", "reportedCurrency": "USD", "grossProfit": "1520000000", "totalRevenue": "3696000000", "costOfRevenue": "2176000000", "costofGoodsAndServicesSold": "2176000000", "operatingIncome": "1412000000", "sellingGeneralAndAdministrative": "72000000", "researchAndDevelopment": "None", "operatingExpenses": "108000000", "investmentIncomeNet": "None", "netInterestIncome": "-34000000", "interestIncome": "None", "interestExpense": "34000000", "nonInterestIncome": "None", "otherNonOperatingIncome": "None", "depreciation": "None", "depreciationAndAmortization": "1170000000", "incomeBeforeTax": "1405000000", "incomeTaxExpense": "115000000", "interestAndDebtExpense": "None", "netIncomeFromContinuingOperations": "1290000000", "comprehensiveIncomeNetOfTax": "None", "ebit": "1592000000", "ebitda": "2762000000", "netIncome": "1074000000"}, {"fiscalDateEnding": "2024-09-30", "reportedCurrency": "USD", "grossProfit": "1049000000", "totalRevenue": "2636000000", "costOfRevenue": "1587000000", "costofGoodsAndServicesSold": "1587000000", "operatingIncome": "710000000", "sellingGeneralAndAdministrative": "49000000", "researchAndDevelopment": "None", "operatingExpenses": "339000000", "investmentIncomeNet": "None", "netInterestIncome": "-18000000", "interestIncome": "None", "interestExpense": "18000000", "nonInterestIncome": "None", "otherNonOperatingIncome": "None", "depreciation": "None", "depreciationAndAmortization": "736000000", "incomeBeforeTax": "918000000", "incomeTaxExpense": "210000000", "interestAndDebtExpense": "None", "netIncomeFromContinuingOperations": "708000000", "comprehensiveIncomeNetOfTax": "None", "ebit": "936000000", "ebitda": "1672000000", "netIncome": "659000000"}, {"fiscalDateEnding": "2024-06-30", "reportedCurrency": "USD", "grossProfit": "1213000000", "totalRevenue": "2473000000", "costOfRevenue": "1260000000", "costofGoodsAndServicesSold": "1260000000", "operatingIncome": "1156000000", "sellingGeneralAndAdministrative": "46000000", "researchAndDevelopment": "None", "operatingExpenses": "57000000", "investmentIncomeNet": "None", "netInterestIncome": "-44000000", "interestIncome": "None", "interestExpense": "44000000", "nonInterestIncome": "None", "otherNonOperatingIncome": "None", "depreciation": "None", "depreciationAndAmortization": "475000000", "incomeBeforeTax": "1146000000", "incomeTaxExpense": "252000000", "interestAndDebtExpense": "None", "netIncomeFromContinuingOperations": "894000000", "comprehensiveIncomeNetOfTax": "None", "ebit": "1190000000", "ebitda": "1665000000", "netIncome": "837000000"}, {"fiscalDateEnding": "2024-03-31", "reportedCurrency": "USD", "grossProfit": "1184000000", "totalRevenue": "2218000000", "costOfRevenue": "1034000000", "costofGoodsAndServicesSold": "1034000000", "operatingIncome": "1118000000", "sellingGeneralAndAdministrative": "46000000", "researchAndDevelopment": "None", "operatingExpenses": "66000000", "investmentIncomeNet": "None", "netInterestIncome": "-46000000", "interestIncome": "None", "interestExpense": "39000000", "nonInterestIncome": "None", "otherNonOperatingIncome": "None", "depreciation": "None", "depreciationAndAmortization": "469000000", "incomeBeforeTax": "1032000000", "incomeTaxExpense": "223000000", "interestAndDebtExpense": "None", "netIncomeFromContinuingOperations": "809000000", "comprehensiveIncomeNetOfTax": "None", "ebit": "1071000000", "ebitda": "1540000000", "netIncome": "768000000"}, {"fiscalDateEnding": "2023-12-31", "reportedCurrency": "USD", "grossProfit": "1247000000", "totalRevenue": "2217000000", "costOfRevenue": "970000000", "costofGoodsAndServicesSold": "970000000", "operatingIncome": "1205000000", "sellingGeneralAndAdministrative": "39000000", "researchAndDevelopment": "None", "operatingExpenses": "42000000", "investmentIncomeNet": "None", "netInterestIncome": "-37000000", "interestIncome": "None", "interestExpense": "37000000", "nonInterestIncome": "None", "otherNonOperatingIncome": "None", "depreciation": "None", "depreciationAndAmortization": "469000000", "incomeBeforeTax": "1275000000", "incomeTaxExpense": "264000000", "interestAndDebtExpense": "None", "netIncomeFromContinuingOperations": "1011000000", "comprehensiveIncomeNetOfTax": "None", "ebit": "1312000000", "ebitda": "1781000000", "netIncome": "960000000"}, {"fiscalDateEnding": "2023-09-30", "reportedCurrency": "USD", "grossProfit": "1422000000", "totalRevenue": "2340000000", "costOfRevenue": "918000000", "costofGoodsAndServicesSold": "918000000", "operatingIncome": "1340000000", "sellingGeneralAndAdministrative": "34000000", "researchAndDevelopment": "None", "operatingExpenses": "82000000", "investmentIncomeNet": "None", "netInterestIncome": "-41000000", "interestIncome": "None", "interestExpense": "37000000", "nonInterestIncome": "None", "otherNonOperatingIncome": "None", "depreciation": "None", "depreciationAndAmortization": "438000000", "incomeBeforeTax": "1269000000", "incomeTaxExpense": "276000000", "interestAndDebtExpense": "None", "netIncomeFromContinuingOperations": "993000000", "comprehensiveIncomeNetOfTax": "None", "ebit": "1306000000", "ebitda": "1744000000", "netIncome": "915000000"}, {"fiscalDateEnding": "2023-06-30", "reportedCurrency": "USD", "grossProfit": "1071000000", "totalRevenue": "1919000000", "costOfRevenue": "848000000", "costofGoodsAndServicesSold": "848000000", "operatingIncome": "1000000000", "sellingGeneralAndAdministrative": "37000000", "researchAndDevelopment": "None", "operatingExpenses": "71000000", "investmentIncomeNet": "None", "netInterestIncome": "-51000000", "interestIncome": "None", "interestExpense": "49000000", "nonInterestIncome": "None", "otherNonOperatingIncome": "-198000000", "depreciation": "None", "depreciationAndAmortization": "423000000", "incomeBeforeTax": "751000000", "incomeTaxExpense": "165000000", "interestAndDebtExpense": "None", "netIncomeFromContinuingOperations": "586000000", "comprehensiveIncomeNetOfTax": "None", "ebit": "800000000", "ebitda": "1223000000", "netIncome": "556000000"}, {"fiscalDateEnding": "2023-03-31", "reportedCurrency": "USD", "grossProfit": "1111000000", "totalRevenue": "1925000000", "costOfRevenue": "814000000", "costofGoodsAndServicesSold": "814000000", "operatingIncome": "1025000000", "sellingGeneralAndAdministrative": "40000000", "researchAndDevelopment": "None", "operatingExpenses": "86000000", "investmentIncomeNet": "None", "netInterestIncome": "-46000000", "interestIncome": "None", "interestExpense": "46000000", "nonInterestIncome": "None", "otherNonOperatingIncome": "-26000000", "depreciation": "None", "depreciationAndAmortization": "403000000", "incomeBeforeTax": "953000000", "incomeTaxExpense": "207000000", "interestAndDebtExpense": "None", "netIncomeFromContinuingOperations": "746000000", "comprehensiveIncomeNetOfTax": "None", "ebit": "999000000", "ebitda": "1402000000", "netIncome": "712000000"}, {"fiscalDateEnding": "2022-12-31", "reportedCurrency": "USD", "grossProfit": "1311000000", "totalRevenue": "2030000000", "costOfRevenue": "719000000", "costofGoodsAndServicesSold": "719000000", "operatingIncome": "1256000000", "sellingGeneralAndAdministrative": "35000000", "researchAndDevelopment": "None", "operatingExpenses": "55000000", "investmentIncomeNet": "None", "netInterestIncome": "-37000000", "interestIncome": "None", "interestExpense": "37000000", "nonInterestIncome": "None", "otherNonOperatingIncome": "70000000", "depreciation": "None", "depreciationAndAmortization": "375000000", "incomeBeforeTax": "1289000000", "incomeTaxExpense": "261000000", "interestAndDebtExpense": "None", "netIncomeFromContinuingOperations": "1028000000", "comprehensiveIncomeNetOfTax": "None", "ebit": "1315000000", "ebitda": "1690000000", "netIncome": "1007000000"}, {"fiscalDateEnding": "2022-09-30", "reportedCurrency": "USD", "grossProfit": "1691000000", "totalRevenue": "2437000000", "costOfRevenue": "746000000", "costofGoodsAndServicesSold": "746000000", "operatingIncome": "1614000000", "sellingGeneralAndAdministrative": "34000000", "researchAndDevelopment": "None", "operatingExpenses": "77000000", "investmentIncomeNet": "None", "netInterestIncome": "-43000000", "interestIncome": "None", "interestExpense": "43000000", "nonInterestIncome": "None", "otherNonOperatingIncome": "-11000000", "depreciation": "None", "depreciationAndAmortization": "336000000", "incomeBeforeTax": "1560000000", "incomeTaxExpense": "290000000", "interestAndDebtExpense": "None", "netIncomeFromContinuingOperations": "1270000000", "comprehensiveIncomeNetOfTax": "None", "ebit": "1603000000", "ebitda": "1939000000", "netIncome": "1184000000"}, {"fiscalDateEnding": "2022-06-30", "reportedCurrency": "USD", "grossProfit": "2040000000", "totalRevenue": "2768000000", "costOfRevenue": "728000000", "costofGoodsAndServicesSold": "728000000", "operatingIncome": "1978000000", "sellingGeneralAndAdministrative": "39000000", "researchAndDevelopment": "None", "operatingExpenses": "62000000", "investmentIncomeNet": "None", "netInterestIncome": "-39000000", "interestIncome": "None", "interestExpense": "39000000", "nonInterestIncome": "None", "otherNonOperatingIncome": "-76000000", "depreciation": "None", "depreciationAndAmortization": "330000000", "incomeBeforeTax": "1863000000", "incomeTaxExpense": "402000000", "interestAndDebtExpense": "None", "netIncomeFromContinuingOperations": "1461000000", "comprehensiveIncomeNetOfTax": "None", "ebit": "1902000000", "ebitda": "2232000000", "netIncome": "1416000000"}, {"fiscalDateEnding": "2022-03-31", "reportedCurrency": "USD", "grossProfit": "1729000000", "totalRevenue": "2408000000", "costOfRevenue": "679000000", "costofGoodsAndServicesSold": "679000000", "operatingIncome": "1660000000", "sellingGeneralAndAdministrative": "36000000", "researchAndDevelopment": "None", "operatingExpenses": "69000000", "investmentIncomeNet": "None", "netInterestIncome": "-40000000", "interestIncome": "0", "interestExpense": "40000000", "nonInterestIncome": "None", "otherNonOperatingIncome": "-596000000", "depreciation": "None", "depreciationAndAmortization": "313000000", "incomeBeforeTax": "1024000000", "incomeTaxExpense": "221000000", "interestAndDebtExpense": "None", "netIncomeFromContinuingOperations": "803000000", "comprehensiveIncomeNetOfTax": "None", "ebit": "1064000000", "ebitda": "1377000000", "netIncome": "779000000"}, {"fiscalDateEnding": "2021-12-31", "reportedCurrency": "USD", "grossProfit": "-5000000", "totalRevenue": "2022000000", "costOfRevenue": "10000000", "costofGoodsAndServicesSold": "10000000", "operatingIncome": "1000000", "sellingGeneralAndAdministrative": "47000000", "researchAndDevelopment": "None", "operatingExpenses": "140000000", "investmentIncomeNet": "None", "netInterestIncome": "-29000000", "interestIncome": "0", "interestExpense": "29000000", "nonInterestIncome": "None", "otherNonOperatingIncome": "48000000", "depreciation": "None", "depreciationAndAmortization": "320000000", "incomeBeforeTax": "1330000000", "incomeTaxExpense": "279000000", "interestAndDebtExpense": "None", "netIncomeFromContinuingOperations": "1051000000", "comprehensiveIncomeNetOfTax": "None", "ebit": "1301000000", "ebitda": "1621000000", "netIncome": "1051000000"}, {"fiscalDateEnding": "2021-09-30", "reportedCurrency": "USD", "grossProfit": "1222000000", "totalRevenue": "1910000000", "costOfRevenue": "688000000", "costofGoodsAndServicesSold": "688000000", "operatingIncome": "1164000000", "sellingGeneralAndAdministrative": "38000000", "researchAndDevelopment": "None", "operatingExpenses": "58000000", "investmentIncomeNet": "None", "netInterestIncome": "-57000000", "interestIncome": "1000000", "interestExpense": "57000000", "nonInterestIncome": "None", "otherNonOperatingIncome": "-240000000", "depreciation": "None", "depreciationAndAmortization": "334000000", "incomeBeforeTax": "867000000", "incomeTaxExpense": "193000000", "interestAndDebtExpense": "None", "netIncomeFromContinuingOperations": "674000000", "comprehensiveIncomeNetOfTax": "None", "ebit": "924000000", "ebitda": "1258000000", "netIncome": "649000000"}, {"fiscalDateEnding": "2021-06-30", "reportedCurrency": "USD", "grossProfit": "999000000", "totalRevenue": "1681000000", "costOfRevenue": "682000000", "costofGoodsAndServicesSold": "682000000", "operatingIncome": "955000000", "sellingGeneralAndAdministrative": "36000000", "researchAndDevelopment": "None", "operatingExpenses": "44000000", "investmentIncomeNet": "None", "netInterestIncome": "-57000000", "interestIncome": "None", "interestExpense": "57000000", "nonInterestIncome": "None", "otherNonOperatingIncome": "-476000000", "depreciation": "None", "depreciationAndAmortization": "341000000", "incomeBeforeTax": "422000000", "incomeTaxExpense": "94000000", "interestAndDebtExpense": "None", "netIncomeFromContinuingOperations": "328000000", "comprehensiveIncomeNetOfTax": "None", "ebit": "479000000", "ebitda": "820000000", "netIncome": "311000000"}, {"fiscalDateEnding": "2021-03-31", "reportedCurrency": "USD", "grossProfit": "675000000", "totalRevenue": "1184000000", "costOfRevenue": "509000000", "costofGoodsAndServicesSold": "509000000", "operatingIncome": "571000000", "sellingGeneralAndAdministrative": "25000000", "researchAndDevelopment": "None", "operatingExpenses": "104000000", "investmentIncomeNet": "None", "netInterestIncome": "-56000000", "interestIncome": "2000000", "interestExpense": "56000000", "nonInterestIncome": "None", "otherNonOperatingIncome": "-227000000", "depreciation": "None", "depreciationAndAmortization": "273000000", "incomeBeforeTax": "288000000", "incomeTaxExpense": "65000000", "interestAndDebtExpense": "None", "netIncomeFromContinuingOperations": "223000000", "comprehensiveIncomeNetOfTax": "None", "ebit": "342000000", "ebitda": "615000000", "netIncome": "220000000"}, {"fiscalDateEnding": "2020-12-31", "reportedCurrency": "USD", "grossProfit": "302000000", "totalRevenue": "769000000", "costOfRevenue": "467000000", "costofGoodsAndServicesSold": "467000000", "operatingIncome": "-746000000", "sellingGeneralAndAdministrative": "24000000", "researchAndDevelopment": "None", "operatingExpenses": "1048000000", "investmentIncomeNet": "None", "netInterestIncome": "-50000000", "interestIncome": "213000000", "interestExpense": "50000000", "nonInterestIncome": "None", "otherNonOperatingIncome": "-162000000", "depreciation": "None", "depreciationAndAmortization": "268000000", "incomeBeforeTax": "-958000000", "incomeTaxExpense": "-202000000", "interestAndDebtExpense": "None", "netIncomeFromContinuingOperations": "-756000000", "comprehensiveIncomeNetOfTax": "None", "ebit": "-910000000", "ebitda": "-642000000", "netIncome": "-739000000"}, {"fiscalDateEnding": "2020-09-30", "reportedCurrency": "USD", "grossProfit": "218000000", "totalRevenue": "720000000", "costOfRevenue": "502000000", "costofGoodsAndServicesSold": "502000000", "operatingIncome": "-1256000000", "sellingGeneralAndAdministrative": "20000000", "researchAndDevelopment": "None", "operatingExpenses": "1474000000", "investmentIncomeNet": "None", "netInterestIncome": "-53000000", "interestIncome": "151000000", "interestExpense": "53000000", "nonInterestIncome": "None", "otherNonOperatingIncome": "-100000000", "depreciation": "None", "depreciationAndAmortization": "288000000", "incomeBeforeTax": "-1409000000", "incomeTaxExpense": "-304000000", "interestAndDebtExpense": "None", "netIncomeFromContinuingOperations": "-1105000000", "comprehensiveIncomeNetOfTax": "None", "ebit": "-1360000000", "ebitda": "-1072000000", "netIncome": "-1113000000"}, {"fiscalDateEnding": "2020-06-30", "reportedCurrency": "USD", "grossProfit": "-111000000", "totalRevenue": "425000000", "costOfRevenue": "536000000", "costofGoodsAndServicesSold": "536000000", "operatingIncome": "-2672000000", "sellingGeneralAndAdministrative": "20000000", "researchAndDevelopment": "None", "operatingExpenses": "2561000000", "investmentIncomeNet": "None", "netInterestIncome": "-46000000", "interestIncome": "417000000", "interestExpense": "46000000", "nonInterestIncome": "None", "otherNonOperatingIncome": "-374000000", "depreciation": "None", "depreciationAndAmortization": "344000000", "incomeBeforeTax": "-3092000000", "incomeTaxExpense": "-681000000", "interestAndDebtExpense": "None", "netIncomeFromContinuingOperations": "-2411000000", "comprehensiveIncomeNetOfTax": "None", "ebit": "-3050000000", "ebitda": "-2706000000", "netIncome": "-2393000000"}, {"fiscalDateEnding": "2020-03-31", "reportedCurrency": "USD", "grossProfit": "233000000", "totalRevenue": "899000000", "costOfRevenue": "666000000", "costofGoodsAndServicesSold": "666000000", "operatingIncome": "-802000000", "sellingGeneralAndAdministrative": "24000000", "researchAndDevelopment": "None", "operatingExpenses": "1035000000", "investmentIncomeNet": "None", "netInterestIncome": "-48000000", "interestIncome": "484000000", "interestExpense": "48000000", "nonInterestIncome": "None", "otherNonOperatingIncome": "533000000", "depreciation": "None", "depreciationAndAmortization": "409000000", "incomeBeforeTax": "-317000000", "incomeTaxExpense": "83000000", "interestAndDebtExpense": "None", "netIncomeFromContinuingOperations": "-400000000", "comprehensiveIncomeNetOfTax": "None", "ebit": "-271000000", "ebitda": "138000000", "netIncome": "-272000000"}, {"fiscalDateEnding": "2019-12-31", "reportedCurrency": "USD", "grossProfit": "444000000", "totalRevenue": "1104000000", "costOfRevenue": "660000000", "costofGoodsAndServicesSold": "660000000", "operatingIncome": "-384000000", "sellingGeneralAndAdministrative": "36000000", "researchAndDevelopment": "None", "operatingExpenses": "828000000", "investmentIncomeNet": "None", "netInterestIncome": "-39000000", "interestIncome": "149000000", "interestExpense": "39000000", "nonInterestIncome": "None", "otherNonOperatingIncome": "-345000000", "depreciation": "None", "depreciationAndAmortization": "401000000", "incomeBeforeTax": "-596000000", "incomeTaxExpense": "-124000000", "interestAndDebtExpense": "None", "netIncomeFromContinuingOperations": "-472000000", "comprehensiveIncomeNetOfTax": "None", "ebit": "-557000000", "ebitda": "-156000000", "netIncome": "-487000000"}, {"fiscalDateEnding": "2019-09-30", "reportedCurrency": "USD", "grossProfit": "370000000", "totalRevenue": "975000000", "costOfRevenue": "605000000", "costofGoodsAndServicesSold": "605000000", "operatingIncome": "349000000", "sellingGeneralAndAdministrative": "19000000", "researchAndDevelopment": "None", "operatingExpenses": "21000000", "investmentIncomeNet": "None", "netInterestIncome": "-38000000", "interestIncome": "139000000", "interestExpense": "38000000", "nonInterestIncome": "None", "otherNonOperatingIncome": "179000000", "depreciation": "None", "depreciationAndAmortization": "365000000", "incomeBeforeTax": "490000000", "incomeTaxExpense": "102000000", "interestAndDebtExpense": "None", "netIncomeFromContinuingOperations": "388000000", "comprehensiveIncomeNetOfTax": "None", "ebit": "528000000", "ebitda": "893000000", "netIncome": "368000000"}, {"fiscalDateEnding": "2019-06-30", "reportedCurrency": "USD", "grossProfit": "437000000", "totalRevenue": "1021000000", "costOfRevenue": "584000000", "costofGoodsAndServicesSold": "584000000", "operatingIncome": "411000000", "sellingGeneralAndAdministrative": "22000000", "researchAndDevelopment": "None", "operatingExpenses": "26000000", "investmentIncomeNet": "None", "netInterestIncome": "-49000000", "interestIncome": "45000000", "interestExpense": "49000000", "nonInterestIncome": "None", "otherNonOperatingIncome": "96000000", "depreciation": "None", "depreciationAndAmortization": "359000000", "incomeBeforeTax": "458000000", "incomeTaxExpense": "102000000", "interestAndDebtExpense": "None", "netIncomeFromContinuingOperations": "356000000", "comprehensiveIncomeNetOfTax": "None", "ebit": "507000000", "ebitda": "866000000", "netIncome": "349000000"}, {"fiscalDateEnding": "2019-03-31", "reportedCurrency": "USD", "grossProfit": "349000000", "totalRevenue": "864000000", "costOfRevenue": "515000000", "costofGoodsAndServicesSold": "515000000", "operatingIncome": "319000000", "sellingGeneralAndAdministrative": "27000000", "researchAndDevelopment": "None", "operatingExpenses": "30000000", "investmentIncomeNet": "None", "netInterestIncome": "-46000000", "interestIncome": "310000000", "interestExpense": "46000000", "nonInterestIncome": "None", "otherNonOperatingIncome": "-263000000", "depreciation": "None", "depreciationAndAmortization": "322000000", "incomeBeforeTax": "10000000", "incomeTaxExpense": "-33000000", "interestAndDebtExpense": "None", "netIncomeFromContinuingOperations": "43000000", "comprehensiveIncomeNetOfTax": "None", "ebit": "56000000", "ebitda": "378000000", "netIncome": "10000000"}, {"fiscalDateEnding": "2018-12-31", "reportedCurrency": "USD", "grossProfit": "253228000", "totalRevenue": "631759000", "costOfRevenue": "378531000", "costofGoodsAndServicesSold": "378531000", "operatingIncome": "194988000", "sellingGeneralAndAdministrative": "19515000", "researchAndDevelopment": "0", "operatingExpenses": "58240000", "investmentIncomeNet": "None", "netInterestIncome": "None", "interestIncome": "None", "interestExpense": "37931000", "nonInterestIncome": "None", "otherNonOperatingIncome": "234715000", "depreciation": "None", "depreciationAndAmortization": "231638000", "incomeBeforeTax": "391772000", "incomeTaxExpense": "85612000", "interestAndDebtExpense": "None", "netIncomeFromContinuingOperations": "306160000", "comprehensiveIncomeNetOfTax": "None", "ebit": "429703000", "ebitda": "661341000", "netIncome": "306660000"}, {"fiscalDateEnding": "2018-09-30", "reportedCurrency": "USD", "grossProfit": "283000000", "totalRevenue": "537000000", "costOfRevenue": "254000000", "costofGoodsAndServicesSold": "254000000", "operatingIncome": "268000000", "sellingGeneralAndAdministrative": "14185000", "researchAndDevelopment": "0", "operatingExpenses": "15000000", "investmentIncomeNet": "None", "netInterestIncome": "None", "interestIncome": "None", "interestExpense": "19000000", "nonInterestIncome": "None", "otherNonOperatingIncome": "-46610000", "depreciation": "None", "depreciationAndAmortization": "146000000", "incomeBeforeTax": "201693000", "incomeTaxExpense": "42276000", "interestAndDebtExpense": "None", "netIncomeFromContinuingOperations": "159417000", "comprehensiveIncomeNetOfTax": "None", "ebit": "222000000", "ebitda": "368000000", "netIncome": "157000000"}, {"fiscalDateEnding": "2018-06-30", "reportedCurrency": "USD", "grossProfit": "296000000", "totalRevenue": "527000000", "costOfRevenue": "231000000", "costofGoodsAndServicesSold": "231000000", "operatingIncome": "281000000", "sellingGeneralAndAdministrative": "14529000", "researchAndDevelopment": "0", "operatingExpenses": "15000000", "investmentIncomeNet": "None", "netInterestIncome": "None", "interestIncome": "None", "interestExpense": "16000000", "nonInterestIncome": "None", "otherNonOperatingIncome": "30350000", "depreciation": "None", "depreciationAndAmortization": "130000000", "incomeBeforeTax": "294557000", "incomeTaxExpense": "-6607000", "interestAndDebtExpense": "None", "netIncomeFromContinuingOperations": "301164000", "comprehensiveIncomeNetOfTax": "None", "ebit": "310000000", "ebitda": "440000000", "netIncome": "219000000"}, {"fiscalDateEnding": "2018-03-31", "reportedCurrency": "USD", "grossProfit": "285000000", "totalRevenue": "479000000", "costOfRevenue": "194000000", "costofGoodsAndServicesSold": "194000000", "operatingIncome": "267000000", "sellingGeneralAndAdministrative": "16325000", "researchAndDevelopment": "0", "operatingExpenses": "18000000", "investmentIncomeNet": "None", "netInterestIncome": "None", "interestIncome": "None", "interestExpense": "14000000", "nonInterestIncome": "None", "otherNonOperatingIncome": "-28710000", "depreciation": "None", "depreciationAndAmortization": "115000000", "incomeBeforeTax": "225235000", "incomeTaxExpense": "47081000", "interestAndDebtExpense": "None", "netIncomeFromContinuingOperations": "178154000", "comprehensiveIncomeNetOfTax": "None", "ebit": "239000000", "ebitda": "354000000", "netIncome": "163000000"}, {"fiscalDateEnding": "2017-12-31", "reportedCurrency": "USD", "grossProfit": "225169000", "totalRevenue": "399194000", "costOfRevenue": "174025000", "costofGoodsAndServicesSold": "174025000", "operatingIncome": "213663000", "sellingGeneralAndAdministrative": "11145000", "researchAndDevelopment": "0", "operatingExpenses": "11506000", "investmentIncomeNet": "None", "netInterestIncome": "None", "interestIncome": "None", "interestExpense": "10892000", "nonInterestIncome": "None", "otherNonOperatingIncome": "-97125000", "depreciation": "None", "depreciationAndAmortization": "105078000", "incomeBeforeTax": "105646000", "incomeTaxExpense": "-23961000", "interestAndDebtExpense": "None", "netIncomeFromContinuingOperations": "129607000", "comprehensiveIncomeNetOfTax": "None", "ebit": "116538000", "ebitda": "221616000", "netIncome": "114559000"}, {"fiscalDateEnding": "2017-09-30", "reportedCurrency": "USD", "grossProfit": "154884000", "totalRevenue": "301253000", "costOfRevenue": "146369000", "costofGoodsAndServicesSold": "146369000", "operatingIncome": "142639000", "sellingGeneralAndAdministrative": "11888000", "researchAndDevelopment": "0", "operatingExpenses": "12245000", "investmentIncomeNet": "None", "netInterestIncome": "None", "interestIncome": "None", "interestExpense": "9192000", "nonInterestIncome": "None", "otherNonOperatingIncome": "-50642000", "depreciation": "None", "depreciationAndAmortization": "87579000", "incomeBeforeTax": "82805000", "incomeTaxExpense": "857000", "interestAndDebtExpense": "None", "netIncomeFromContinuingOperations": "81948000", "comprehensiveIncomeNetOfTax": "None", "ebit": "91997000", "ebitda": "179576000", "netIncome": "73024000"}, {"fiscalDateEnding": "2017-06-30", "reportedCurrency": "USD", "grossProfit": "144550000", "totalRevenue": "269434000", "costOfRevenue": "124884000", "costofGoodsAndServicesSold": "124884000", "operatingIncome": "132308000", "sellingGeneralAndAdministrative": "11892000", "researchAndDevelopment": "0", "operatingExpenses": "12242000", "investmentIncomeNet": "None", "netInterestIncome": "None", "interestIncome": "None", "interestExpense": "8245000", "nonInterestIncome": "None", "otherNonOperatingIncome": "41644000", "depreciation": "None", "depreciationAndAmortization": "75173000", "incomeBeforeTax": "165707000", "incomeTaxExpense": "1579000", "interestAndDebtExpense": "None", "netIncomeFromContinuingOperations": "164128000", "comprehensiveIncomeNetOfTax": "None", "ebit": "173952000", "ebitda": "249125000", "netIncome": "158405000"}, {"fiscalDateEnding": "2017-03-31", "reportedCurrency": "USD", "grossProfit": "130477000", "totalRevenue": "235230000", "costOfRevenue": "104753000", "costofGoodsAndServicesSold": "104753000", "operatingIncome": "116410000", "sellingGeneralAndAdministrative": "13744000", "researchAndDevelopment": "0", "operatingExpenses": "14067000", "investmentIncomeNet": "None", "netInterestIncome": "None", "interestIncome": "None", "interestExpense": "12225000", "nonInterestIncome": "None", "otherNonOperatingIncome": "38846000", "depreciation": "None", "depreciationAndAmortization": "58929000", "incomeBeforeTax": "143031000", "incomeTaxExpense": "1957000", "interestAndDebtExpense": "None", "netIncomeFromContinuingOperations": "141074000", "comprehensiveIncomeNetOfTax": "None", "ebit": "155256000", "ebitda": "214185000", "netIncome": "136273000"}, {"fiscalDateEnding": "2016-12-31", "reportedCurrency": "USD", "grossProfit": "97581000", "totalRevenue": "185012000", "costOfRevenue": "87431000", "costofGoodsAndServicesSold": "87431000", "operatingIncome": "87079000", "sellingGeneralAndAdministrative": "10208000", "researchAndDevelopment": "0", "operatingExpenses": "10502000", "investmentIncomeNet": "None", "netInterestIncome": "None", "interestIncome": "None", "interestExpense": "10418000", "nonInterestIncome": "None", "otherNonOperatingIncome": "-18131000", "depreciation": "None", "depreciationAndAmortization": "51329000", "incomeBeforeTax": "28264000", "incomeTaxExpense": "-176000", "interestAndDebtExpense": "None", "netIncomeFromContinuingOperations": "28440000", "comprehensiveIncomeNetOfTax": "None", "ebit": "38682000", "ebitda": "90011000", "netIncome": "25598000"}, {"fiscalDateEnding": "2016-09-30", "reportedCurrency": "USD", "grossProfit": "63239000", "totalRevenue": "142131000", "costOfRevenue": "78892000", "costofGoodsAndServicesSold": "78892000", "operatingIncome": "6693000", "sellingGeneralAndAdministrative": "9908000", "researchAndDevelopment": "0", "operatingExpenses": "56546000", "investmentIncomeNet": "None", "netInterestIncome": "None", "interestIncome": "None", "interestExpense": "10234000", "nonInterestIncome": "None", "otherNonOperatingIncome": "-7293000", "depreciation": "None", "depreciationAndAmortization": "44746000", "incomeBeforeTax": "-600000", "incomeTaxExpense": "1630000", "interestAndDebtExpense": "None", "netIncomeFromContinuingOperations": "-600000", "comprehensiveIncomeNetOfTax": "None", "ebit": "9634000", "ebitda": "54380000", "netIncome": "-2230000"}, {"fiscalDateEnding": "2016-06-30", "reportedCurrency": "USD", "grossProfit": "43344000", "totalRevenue": "112483000", "costOfRevenue": "69139000", "costofGoodsAndServicesSold": "69139000", "operatingIncome": "-134786000", "sellingGeneralAndAdministrative": "9524000", "researchAndDevelopment": "0", "operatingExpenses": "178130000", "investmentIncomeNet": "None", "netInterestIncome": "None", "interestIncome": "None", "interestExpense": "10019000", "nonInterestIncome": "None", "otherNonOperatingIncome": "-21967000", "depreciation": "None", "depreciationAndAmortization": "39871000", "incomeBeforeTax": "-156753000", "incomeTaxExpense": "368000", "interestAndDebtExpense": "None", "netIncomeFromContinuingOperations": "-157121000", "comprehensiveIncomeNetOfTax": "None", "ebit": "-146734000", "ebitda": "-106863000", "netIncome": "-155490000"}, {"fiscalDateEnding": "2016-03-31", "reportedCurrency": "USD", "grossProfit": "16438000", "totalRevenue": "87481000", "costOfRevenue": "71043000", "costofGoodsAndServicesSold": "71043000", "operatingIncome": "-27603000", "sellingGeneralAndAdministrative": "12979000", "researchAndDevelopment": "0", "operatingExpenses": "44041000", "investmentIncomeNet": "None", "netInterestIncome": "None", "interestIncome": "None", "interestExpense": "10013000", "nonInterestIncome": "None", "otherNonOperatingIncome": "-8024000", "depreciation": "None", "depreciationAndAmortization": "42069000", "incomeBeforeTax": "-35627000", "incomeTaxExpense": "-2715000", "interestAndDebtExpense": "None", "netIncomeFromContinuingOperations": "-35627000", "comprehensiveIncomeNetOfTax": "None", "ebit": "-25614000", "ebitda": "16455000", "netIncome": "-32912000"}, {"fiscalDateEnding": "2015-12-31", "reportedCurrency": "USD", "grossProfit": "38564000", "totalRevenue": "114323000", "costOfRevenue": "75759000", "costofGoodsAndServicesSold": "75759000", "operatingIncome": "-187813000", "sellingGeneralAndAdministrative": "8522000", "researchAndDevelopment": "0", "operatingExpenses": "226377000", "investmentIncomeNet": "None", "netInterestIncome": "None", "interestIncome": "None", "interestExpense": "10106000", "nonInterestIncome": "None", "otherNonOperatingIncome": "25504000", "depreciation": "None", "depreciationAndAmortization": "48549000", "incomeBeforeTax": "-193322000", "incomeTaxExpense": "-6487000", "interestAndDebtExpense": "None", "netIncomeFromContinuingOperations": "-186835000", "comprehensiveIncomeNetOfTax": "None", "ebit": "-184505000", "ebitda": "-135956000", "netIncome": "-187409000"}, {"fiscalDateEnding": "2015-09-30", "reportedCurrency": "USD", "grossProfit": "26728000", "totalRevenue": "111946000", "costOfRevenue": "85218000", "costofGoodsAndServicesSold": "85218000", "operatingIncome": "-254773000", "sellingGeneralAndAdministrative": "7526000", "researchAndDevelopment": "0", "operatingExpenses": "281501000", "investmentIncomeNet": "None", "netInterestIncome": "None", "interestIncome": "None", "interestExpense": "10633000", "nonInterestIncome": "None", "otherNonOperatingIncome": "17270000", "depreciation": "None", "depreciationAndAmortization": "52375000", "incomeBeforeTax": "-237503000", "incomeTaxExpense": "-81461000", "interestAndDebtExpense": "None", "netIncomeFromContinuingOperations": "-156042000", "comprehensiveIncomeNetOfTax": "None", "ebit": "-226870000", "ebitda": "-174495000", "netIncome": "-156781000"}, {"fiscalDateEnding": "2015-06-30", "reportedCurrency": "USD", "grossProfit": "32195000", "totalRevenue": "119063000", "costOfRevenue": "86868000", "costofGoodsAndServicesSold": "86868000", "operatingIncome": "-299120000", "sellingGeneralAndAdministrative": "7684000", "researchAndDevelopment": "0", "operatingExpenses": "331315000", "investmentIncomeNet": "None", "netInterestIncome": "None", "interestIncome": "None", "interestExpense": "10274000", "nonInterestIncome": "None", "otherNonOperatingIncome": "-28964000", "depreciation": "None", "depreciationAndAmortization": "57096000", "incomeBeforeTax": "-328084000", "incomeTaxExpense": "-116732000", "interestAndDebtExpense": "None", "netIncomeFromContinuingOperations": "-211352000", "comprehensiveIncomeNetOfTax": "None", "ebit": "-317810000", "ebitda": "-260714000", "netIncome": "-212287000"}, {"fiscalDateEnding": "2015-03-31", "reportedCurrency": "USD", "grossProfit": "9843000", "totalRevenue": "101401000", "costOfRevenue": "91558000", "costofGoodsAndServicesSold": "91558000", "operatingIncome": "1437000", "sellingGeneralAndAdministrative": "8236000", "researchAndDevelopment": "0", "operatingExpenses": "8406000", "investmentIncomeNet": "None", "netInterestIncome": "None", "interestIncome": "None", "interestExpense": "10497000", "nonInterestIncome": "None", "otherNonOperatingIncome": "18869000", "depreciation": "None", "depreciationAndAmortization": "59677000", "incomeBeforeTax": "9809000", "incomeTaxExpense": "3370000", "interestAndDebtExpense": "None", "netIncomeFromContinuingOperations": "6439000", "comprehensiveIncomeNetOfTax": "None", "ebit": "20306000", "ebitda": "79983000", "netIncome": "5849000"}, {"fiscalDateEnding": "2014-12-31", "reportedCurrency": "USD", "grossProfit": "44343000", "totalRevenue": "131583000", "costOfRevenue": "87240000", "costofGoodsAndServicesSold": "87240000", "operatingIncome": "37899000", "sellingGeneralAndAdministrative": "6280000", "researchAndDevelopment": "0", "operatingExpenses": "6444000", "investmentIncomeNet": "None", "netInterestIncome": "None", "interestIncome": "None", "interestExpense": "10424000", "nonInterestIncome": "None", "otherNonOperatingIncome": "128686000", "depreciation": "None", "depreciationAndAmortization": "53641000", "incomeBeforeTax": "156160000", "incomeTaxExpense": "56243000", "interestAndDebtExpense": "None", "netIncomeFromContinuingOperations": "99917000", "comprehensiveIncomeNetOfTax": "None", "ebit": "163464000", "ebitda": "217105000", "netIncome": "98674000"}, {"fiscalDateEnding": "2014-09-30", "reportedCurrency": "USD", "grossProfit": "70138000", "totalRevenue": "139127000", "costOfRevenue": "68989000", "costofGoodsAndServicesSold": "68989000", "operatingIncome": "63516000", "sellingGeneralAndAdministrative": "6495000", "researchAndDevelopment": "0", "operatingExpenses": "6622000", "investmentIncomeNet": "None", "netInterestIncome": "None", "interestIncome": "None", "interestExpense": "9846000", "nonInterestIncome": "None", "otherNonOperatingIncome": "14949000", "depreciation": "None", "depreciationAndAmortization": "45370000", "incomeBeforeTax": "68619000", "incomeTaxExpense": "23978000", "interestAndDebtExpense": "None", "netIncomeFromContinuingOperations": "44641000", "comprehensiveIncomeNetOfTax": "None", "ebit": "78465000", "ebitda": "123835000", "netIncome": "43739000"}, {"fiscalDateEnding": "2014-06-30", "reportedCurrency": "USD", "grossProfit": "67230000", "totalRevenue": "127004000", "costOfRevenue": "59774000", "costofGoodsAndServicesSold": "59774000", "operatingIncome": "63192000", "sellingGeneralAndAdministrative": "3934000", "researchAndDevelopment": "0", "operatingExpenses": "4038000", "investmentIncomeNet": "None", "netInterestIncome": "None", "interestIncome": "None", "interestExpense": "7739000", "nonInterestIncome": "None", "otherNonOperatingIncome": "-12466000", "depreciation": "None", "depreciationAndAmortization": "40021000", "incomeBeforeTax": "42987000", "incomeTaxExpense": "15163000", "interestAndDebtExpense": "None", "netIncomeFromContinuingOperations": "27824000", "comprehensiveIncomeNetOfTax": "None", "ebit": "50726000", "ebitda": "90747000", "netIncome": "27753000"}, {"fiscalDateEnding": "2014-03-31", "reportedCurrency": "USD", "grossProfit": "52692000", "totalRevenue": "98004000", "costOfRevenue": "45312000", "costofGoodsAndServicesSold": "45312000", "operatingIncome": "48063000", "sellingGeneralAndAdministrative": "4557000", "researchAndDevelopment": "0", "operatingExpenses": "4629000", "investmentIncomeNet": "None", "netInterestIncome": "None", "interestIncome": "None", "interestExpense": "6505000", "nonInterestIncome": "None", "otherNonOperatingIncome": "-4368000", "depreciation": "None", "depreciationAndAmortization": "30973000", "incomeBeforeTax": "37190000", "incomeTaxExpense": "13601000", "interestAndDebtExpense": "None", "netIncomeFromContinuingOperations": "23589000", "comprehensiveIncomeNetOfTax": "None", "ebit": "43695000", "ebitda": "74668000", "netIncome": "23589000"}, {"fiscalDateEnding": "2013-12-31", "reportedCurrency": "USD", "grossProfit": "41616000", "totalRevenue": "75908000", "costOfRevenue": "34292000", "costofGoodsAndServicesSold": "34292000", "operatingIncome": "37726000", "sellingGeneralAndAdministrative": "3823000", "researchAndDevelopment": "0", "operatingExpenses": "3890000", "investmentIncomeNet": "None", "netInterestIncome": "None", "interestIncome": "None", "interestExpense": "4932000", "nonInterestIncome": "None", "otherNonOperatingIncome": "39000", "depreciation": "None", "depreciationAndAmortization": "23621000", "incomeBeforeTax": "31815000", "incomeTaxExpense": "11691000", "interestAndDebtExpense": "None", "netIncomeFromContinuingOperations": "20124000", "comprehensiveIncomeNetOfTax": "None", "ebit": "36747000", "ebitda": "60368000", "netIncome": "20124000"}, {"fiscalDateEnding": "2013-09-30", "reportedCurrency": "USD", "grossProfit": "31590000", "totalRevenue": "57791000", "costOfRevenue": "26201000", "costofGoodsAndServicesSold": "26201000", "operatingIncome": "29423000", "sellingGeneralAndAdministrative": "2121000", "researchAndDevelopment": "0", "operatingExpenses": "2167000", "investmentIncomeNet": "None", "netInterestIncome": "None", "interestIncome": "None", "interestExpense": "1089000", "nonInterestIncome": "None", "otherNonOperatingIncome": "-4639000", "depreciation": "None", "depreciationAndAmortization": "17423000", "incomeBeforeTax": "23695000", "incomeTaxExpense": "9099000", "interestAndDebtExpense": "None", "netIncomeFromContinuingOperations": "14596000", "comprehensiveIncomeNetOfTax": "None", "ebit": "24784000", "ebitda": "42207000", "netIncome": "14596000"}, {"fiscalDateEnding": "2013-06-30", "reportedCurrency": "USD", "grossProfit": "22049000", "totalRevenue": "45394000", "costOfRevenue": "23345000", "costofGoodsAndServicesSold": "23345000", "operatingIncome": "19383000", "sellingGeneralAndAdministrative": "2621000", "researchAndDevelopment": "0", "operatingExpenses": "2666000", "investmentIncomeNet": "None", "netInterestIncome": "None", "interestIncome": "None", "interestExpense": "535000", "nonInterestIncome": "None", "otherNonOperatingIncome": "3425000", "depreciation": "None", "depreciationAndAmortization": "14815000", "incomeBeforeTax": "22273000", "incomeTaxExpense": "7802000", "interestAndDebtExpense": "None", "netIncomeFromContinuingOperations": "14471000", "comprehensiveIncomeNetOfTax": "None", "ebit": "22808000", "ebitda": "37623000", "netIncome": "14471000"}, {"fiscalDateEnding": "2013-03-31", "reportedCurrency": "USD", "grossProfit": "11176000", "totalRevenue": "28909000", "costOfRevenue": "17733000", "costofGoodsAndServicesSold": "17733000", "operatingIncome": "8662000", "sellingGeneralAndAdministrative": "2471000", "researchAndDevelopment": "0", "operatingExpenses": "2514000", "investmentIncomeNet": "None", "netInterestIncome": "None", "interestIncome": "None", "interestExpense": "485000", "nonInterestIncome": "None", "otherNonOperatingIncome": "381000", "depreciation": "None", "depreciationAndAmortization": "10738000", "incomeBeforeTax": "8558000", "incomeTaxExpense": "3162000", "interestAndDebtExpense": "None", "netIncomeFromContinuingOperations": "5396000", "comprehensiveIncomeNetOfTax": "None", "ebit": "9043000", "ebitda": "19781000", "netIncome": "5396000"}, {"fiscalDateEnding": "2012-12-31", "reportedCurrency": "USD", "grossProfit": "-17946000", "totalRevenue": "26606000", "costOfRevenue": "44552000", "costofGoodsAndServicesSold": "44552000", "operatingIncome": "2429000", "sellingGeneralAndAdministrative": "6332000", "researchAndDevelopment": "0", "operatingExpenses": "-20375000", "investmentIncomeNet": "None", "netInterestIncome": "None", "interestIncome": "None", "interestExpense": "426000", "nonInterestIncome": "None", "otherNonOperatingIncome": "None", "depreciation": "None", "depreciationAndAmortization": "9971000", "incomeBeforeTax": "3006000", "incomeTaxExpense": "54903000000", "interestAndDebtExpense": "None", "netIncomeFromContinuingOperations": "0", "comprehensiveIncomeNetOfTax": "None", "ebit": "3432000", "ebitda": "13403000", "netIncome": "-3547000"}, {"fiscalDateEnding": "2012-09-30", "reportedCurrency": "USD", "grossProfit": "5758000", "totalRevenue": "16814000", "costOfRevenue": "11056000", "costofGoodsAndServicesSold": "11056000", "operatingIncome": "4086000", "sellingGeneralAndAdministrative": "1314000000", "researchAndDevelopment": "0", "operatingExpenses": "1672000", "investmentIncomeNet": "None", "netInterestIncome": "None", "interestIncome": "None", "interestExpense": "1130000", "nonInterestIncome": "None", "otherNonOperatingIncome": "-2476000", "depreciation": "None", "depreciationAndAmortization": "6136000", "incomeBeforeTax": "436000", "incomeTaxExpense": "1130000", "interestAndDebtExpense": "None", "netIncomeFromContinuingOperations": "436000", "comprehensiveIncomeNetOfTax": "None", "ebit": "1582000", "ebitda": "7718000", "netIncome": "452000"}, {"fiscalDateEnding": "2012-06-30", "reportedCurrency": "USD", "grossProfit": "5981000", "totalRevenue": "16030000", "costOfRevenue": "10049000", "costofGoodsAndServicesSold": "10049000", "operatingIncome": "4307000", "sellingGeneralAndAdministrative": "1653000", "researchAndDevelopment": "0", "operatingExpenses": "1674000", "investmentIncomeNet": "None", "netInterestIncome": "None", "interestIncome": "None", "interestExpense": "1173000", "nonInterestIncome": "None", "otherNonOperatingIncome": "None", "depreciation": "None", "depreciationAndAmortization": "5659000", "incomeBeforeTax": "13624000", "incomeTaxExpense": "1759000", "interestAndDebtExpense": "None", "netIncomeFromContinuingOperations": "0", "comprehensiveIncomeNetOfTax": "None", "ebit": "14797000", "ebitda": "20456000", "netIncome": "13624000"}, {"fiscalDateEnding": "2012-03-31", "reportedCurrency": "USD", "grossProfit": "7941000", "totalRevenue": "16351000", "costOfRevenue": "8410000", "costofGoodsAndServicesSold": "8410000", "operatingIncome": "6737000", "sellingGeneralAndAdministrative": "1184000", "researchAndDevelopment": "0", "operatingExpenses": "1204000", "investmentIncomeNet": "None", "netInterestIncome": "None", "interestIncome": "None", "interestExpense": "881000", "nonInterestIncome": "None", "otherNonOperatingIncome": "None", "depreciation": "None", "depreciationAndAmortization": "4757000", "incomeBeforeTax": "1359131", "incomeTaxExpense": "868851", "interestAndDebtExpense": "None", "netIncomeFromContinuingOperations": "0", "comprehensiveIncomeNetOfTax": "None", "ebit": "2358000", "ebitda": "7115000", "netIncome": "1477000"}, {"fiscalDateEnding": "2011-12-31", "reportedCurrency": "USD", "grossProfit": "13403008", "totalRevenue": "14171262", "costOfRevenue": "768254", "costofGoodsAndServicesSold": "768254", "operatingIncome": "4734861", "sellingGeneralAndAdministrative": "1428000", "researchAndDevelopment": "0", "operatingExpenses": "8668147", "investmentIncomeNet": "None", "netInterestIncome": "None", "interestIncome": "None", "interestExpense": "713126", "nonInterestIncome": "None", "otherNonOperatingIncome": "None", "depreciation": "None", "depreciationAndAmortization": "4281341", "incomeBeforeTax": "-8246146", "incomeTaxExpense": "13685088", "interestAndDebtExpense": "None", "netIncomeFromContinuingOperations": "0", "comprehensiveIncomeNetOfTax": "None", "ebit": "4734861", "ebitda": "9016202", "netIncome": "-8957244"}, {"fiscalDateEnding": "2011-09-30", "reportedCurrency": "USD", "grossProfit": "10383000", "totalRevenue": "10971000", "costOfRevenue": "588000", "costofGoodsAndServicesSold": "588000", "operatingIncome": "2812000", "sellingGeneralAndAdministrative": "755000", "researchAndDevelopment": "0", "operatingExpenses": "7571000", "investmentIncomeNet": "None", "netInterestIncome": "None", "interestIncome": "None", "interestExpense": "718000", "nonInterestIncome": "None", "otherNonOperatingIncome": "None", "depreciation": "None", "depreciationAndAmortization": "3680145", "incomeBeforeTax": "2089000", "incomeTaxExpense": "718000", "interestAndDebtExpense": "None", "netIncomeFromContinuingOperations": "0", "comprehensiveIncomeNetOfTax": "None", "ebit": "2807000", "ebitda": "6487145", "netIncome": "2089000"}, {"fiscalDateEnding": "2011-06-30", "reportedCurrency": "USD", "grossProfit": "10833881", "totalRevenue": "11454827", "costOfRevenue": "620946", "costofGoodsAndServicesSold": "620946", "operatingIncome": "4087187", "sellingGeneralAndAdministrative": "1421000", "researchAndDevelopment": "0", "operatingExpenses": "6746694", "investmentIncomeNet": "None", "netInterestIncome": "None", "interestIncome": "None", "interestExpense": "601285", "nonInterestIncome": "None", "otherNonOperatingIncome": "None", "depreciation": "None", "depreciationAndAmortization": "3824672", "incomeBeforeTax": "3472611", "incomeTaxExpense": "601285", "interestAndDebtExpense": "None", "netIncomeFromContinuingOperations": "0", "comprehensiveIncomeNetOfTax": "None", "ebit": "4073896", "ebitda": "7898568", "netIncome": "3472611"}, {"fiscalDateEnding": "2011-03-31", "reportedCurrency": "USD", "grossProfit": "9783023", "totalRevenue": "12074812", "costOfRevenue": "2291789", "costofGoodsAndServicesSold": "2291789", "operatingIncome": "3354631", "sellingGeneralAndAdministrative": "None", "researchAndDevelopment": "None", "operatingExpenses": "6428392", "investmentIncomeNet": "None", "netInterestIncome": "None", "interestIncome": "None", "interestExpense": "495768", "nonInterestIncome": "None", "otherNonOperatingIncome": "None", "depreciation": "None", "depreciationAndAmortization": "4119183", "incomeBeforeTax": "2850961", "incomeTaxExpense": "495768", "interestAndDebtExpense": "None", "netIncomeFromContinuingOperations": "None", "comprehensiveIncomeNetOfTax": "None", "ebit": "3346729", "ebitda": "7465912", "netIncome": "2850961"}, {"fiscalDateEnding": "2010-12-31", "reportedCurrency": "USD", "grossProfit": "7587338", "totalRevenue": "8311575", "costOfRevenue": "724237", "costofGoodsAndServicesSold": "724237", "operatingIncome": "132974", "sellingGeneralAndAdministrative": "3051000", "researchAndDevelopment": "0", "operatingExpenses": "7454364", "investmentIncomeNet": "None", "netInterestIncome": "None", "interestIncome": "None", "interestExpense": "486304", "nonInterestIncome": "None", "otherNonOperatingIncome": "None", "depreciation": "None", "depreciationAndAmortization": "4254871", "incomeBeforeTax": "131713", "incomeTaxExpense": "474385", "interestAndDebtExpense": "None", "netIncomeFromContinuingOperations": "0", "comprehensiveIncomeNetOfTax": "None", "ebit": "132974", "ebitda": "4387845", "netIncome": "-341411"}, {"fiscalDateEnding": "2009-12-31", "reportedCurrency": "USD", "grossProfit": "0", "totalRevenue": "12716000", "costOfRevenue": "3071000", "costofGoodsAndServicesSold": "3071000", "operatingIncome": "0", "sellingGeneralAndAdministrative": "5063000", "researchAndDevelopment": "0", "operatingExpenses": "0", "investmentIncomeNet": "None", "netInterestIncome": "None", "interestIncome": "None", "interestExpense": "65000", "nonInterestIncome": "None", "otherNonOperatingIncome": "None", "depreciation": "None", "depreciationAndAmortization": "None", "incomeBeforeTax": "0", "incomeTaxExpense": "0", "interestAndDebtExpense": "None", "netIncomeFromContinuingOperations": "0", "comprehensiveIncomeNetOfTax": "None", "ebit": "0", "ebitda": "None", "netIncome": "0"}]}