{"symbol": "PFG", "annualReports": [{"fiscalDateEnding": "2025-12-31", "reportedCurrency": "None", "grossProfit": "178300000", "totalRevenue": "178300000", "costOfRevenue": "None", "costofGoodsAndServicesSold": "None", "operatingIncome": "None", "sellingGeneralAndAdministrative": "None", "researchAndDevelopment": "None", "operatingExpenses": "178300000", "investmentIncomeNet": "None", "netInterestIncome": "None", "interestIncome": "None", "interestExpense": "None", "nonInterestIncome": "None", "otherNonOperatingIncome": "None", "depreciation": "None", "depreciationAndAmortization": "None", "incomeBeforeTax": "None", "incomeTaxExpense": "None", "interestAndDebtExpense": "None", "netIncomeFromContinuingOperations": "None", "comprehensiveIncomeNetOfTax": "None", "ebit": "None", "ebitda": "None", "netIncome": "1185100000"}, {"fiscalDateEnding": "2024-12-31", "reportedCurrency": "USD", "grossProfit": "7353400000", "totalRevenue": "16127700000", "costOfRevenue": "8774300000", "costofGoodsAndServicesSold": "8774300000", "operatingIncome": "1889600000", "sellingGeneralAndAdministrative": "None", "researchAndDevelopment": "None", "operatingExpenses": "5463800000", "investmentIncomeNet": "None", "netInterestIncome": "None", "interestIncome": "None", "interestExpense": "2600000", "nonInterestIncome": "None", "otherNonOperatingIncome": "None", "depreciation": "None", "depreciationAndAmortization": "256200000", "incomeBeforeTax": "1889600000", "incomeTaxExpense": "291700000", "interestAndDebtExpense": "None", "netIncomeFromContinuingOperations": "1597900000", "comprehensiveIncomeNetOfTax": "None", "ebit": "1889600000", "ebitda": "2145800000", "netIncome": "1571000000"}, {"fiscalDateEnding": "2023-12-31", "reportedCurrency": "USD", "grossProfit": "5900100000", "totalRevenue": "13665800000", "costOfRevenue": "7765700000", "costofGoodsAndServicesSold": "7765700000", "operatingIncome": "738800000", "sellingGeneralAndAdministrative": "None", "researchAndDevelopment": "None", "operatingExpenses": "5161300000", "investmentIncomeNet": "None", "netInterestIncome": "None", "interestIncome": "None", "interestExpense": "1900000", "nonInterestIncome": "None", "otherNonOperatingIncome": "None", "depreciation": "None", "depreciationAndAmortization": "272700000", "incomeBeforeTax": "738800000", "incomeTaxExpense": "68700000", "interestAndDebtExpense": "None", "netIncomeFromContinuingOperations": "670100000", "comprehensiveIncomeNetOfTax": "None", "ebit": "738800000", "ebitda": "1011500000", "netIncome": "623200000"}, {"fiscalDateEnding": "2022-12-31", "reportedCurrency": "USD", "grossProfit": "11044000000", "totalRevenue": "17536100000", "costOfRevenue": "6492100000", "costofGoodsAndServicesSold": "6492100000", "operatingIncome": "5987000000", "sellingGeneralAndAdministrative": "None", "researchAndDevelopment": "None", "operatingExpenses": "5057000000", "investmentIncomeNet": "None", "netInterestIncome": "None", "interestIncome": "None", "interestExpense": "1200000", "nonInterestIncome": "None", "otherNonOperatingIncome": "None", "depreciation": "None", "depreciationAndAmortization": "295900000", "incomeBeforeTax": "5987000000", "incomeTaxExpense": "1189500000", "interestAndDebtExpense": "None", "netIncomeFromContinuingOperations": "4852200000", "comprehensiveIncomeNetOfTax": "None", "ebit": "5987000000", "ebitda": "6282900000", "netIncome": "4756900000"}, {"fiscalDateEnding": "2021-12-31", "reportedCurrency": "USD", "grossProfit": "7075700000", "totalRevenue": "14427800000", "costOfRevenue": "7352100000", "costofGoodsAndServicesSold": "7352100000", "operatingIncome": "1910900000", "sellingGeneralAndAdministrative": "4825100000", "researchAndDevelopment": "None", "operatingExpenses": "5164800000", "investmentIncomeNet": "None", "netInterestIncome": "None", "interestIncome": "None", "interestExpense": "1000000", "nonInterestIncome": "None", "otherNonOperatingIncome": "None", "depreciation": "None", "depreciationAndAmortization": "275300000", "incomeBeforeTax": "1910900000", "incomeTaxExpense": "283900000", "interestAndDebtExpense": "None", "netIncomeFromContinuingOperations": "1757400000", "comprehensiveIncomeNetOfTax": "None", "ebit": "1910900000", "ebitda": "2186200000", "netIncome": "1580200000"}, {"fiscalDateEnding": "2020-12-31", "reportedCurrency": "USD", "grossProfit": "6460200000", "totalRevenue": "14741700000", "costOfRevenue": "8281500000", "costofGoodsAndServicesSold": "8281500000", "operatingIncome": "1693500000", "sellingGeneralAndAdministrative": "4646500000", "researchAndDevelopment": "None", "operatingExpenses": "4766700000", "investmentIncomeNet": "None", "netInterestIncome": "None", "interestIncome": "None", "interestExpense": "1000000", "nonInterestIncome": "None", "otherNonOperatingIncome": "302600000", "depreciation": "None", "depreciationAndAmortization": "251900000", "incomeBeforeTax": "1693500000", "incomeTaxExpense": "265000000", "interestAndDebtExpense": "None", "netIncomeFromContinuingOperations": "1428500000", "comprehensiveIncomeNetOfTax": "None", "ebit": "1693500000", "ebitda": "1945400000", "netIncome": "1395800000"}, {"fiscalDateEnding": "2019-12-31", "reportedCurrency": "USD", "grossProfit": "6316300000", "totalRevenue": "16222100000", "costOfRevenue": "9905800000", "costofGoodsAndServicesSold": "9905800000", "operatingIncome": "1693300000", "sellingGeneralAndAdministrative": "4503900000", "researchAndDevelopment": "None", "operatingExpenses": "4623000000", "investmentIncomeNet": "None", "netInterestIncome": "None", "interestIncome": "1000000", "interestExpense": "1000000", "nonInterestIncome": "None", "otherNonOperatingIncome": "-52800000", "depreciation": "None", "depreciationAndAmortization": "226800000", "incomeBeforeTax": "1693300000", "incomeTaxExpense": "249200000", "interestAndDebtExpense": "None", "netIncomeFromContinuingOperations": "32616700000", "comprehensiveIncomeNetOfTax": "None", "ebit": "1693300000", "ebitda": "1920100000", "netIncome": "1394200000"}, {"fiscalDateEnding": "2018-12-31", "reportedCurrency": "USD", "grossProfit": "6044700000", "totalRevenue": "14237200000", "costOfRevenue": "8192500000", "costofGoodsAndServicesSold": "8192500000", "operatingIncome": "1784400000", "sellingGeneralAndAdministrative": "4136700000", "researchAndDevelopment": "0", "operatingExpenses": "4260300000", "investmentIncomeNet": "None", "netInterestIncome": "None", "interestIncome": "None", "interestExpense": "0", "nonInterestIncome": "None", "otherNonOperatingIncome": "-75400000", "depreciation": "None", "depreciationAndAmortization": "205100000", "incomeBeforeTax": "1784400000", "incomeTaxExpense": "230700000", "interestAndDebtExpense": "None", "netIncomeFromContinuingOperations": "27333800000", "comprehensiveIncomeNetOfTax": "None", "ebit": "1784400000", "ebitda": "1989500000", "netIncome": "1546500000"}, {"fiscalDateEnding": "2017-12-31", "reportedCurrency": "USD", "grossProfit": "6270600000", "totalRevenue": "14093200000", "costOfRevenue": "7822600000", "costofGoodsAndServicesSold": "7822600000", "operatingIncome": "2252200000", "sellingGeneralAndAdministrative": "3893800000", "researchAndDevelopment": "0", "operatingExpenses": "4018400000", "investmentIncomeNet": "None", "netInterestIncome": "None", "interestIncome": "None", "interestExpense": "0", "nonInterestIncome": "None", "otherNonOperatingIncome": "524200000", "depreciation": "None", "depreciationAndAmortization": "195700000", "incomeBeforeTax": "2252200000", "incomeTaxExpense": "-72300000", "interestAndDebtExpense": "None", "netIncomeFromContinuingOperations": "26457500000", "comprehensiveIncomeNetOfTax": "None", "ebit": "2252200000", "ebitda": "2447900000", "netIncome": "2310400000"}, {"fiscalDateEnding": "2016-12-31", "reportedCurrency": "USD", "grossProfit": "5480900000", "totalRevenue": "12394100000", "costOfRevenue": "6913200000", "costofGoodsAndServicesSold": "6913200000", "operatingIncome": "1591700000", "sellingGeneralAndAdministrative": "3732600000", "researchAndDevelopment": "0", "operatingExpenses": "3889200000", "investmentIncomeNet": "None", "netInterestIncome": "None", "interestIncome": "None", "interestExpense": "0", "nonInterestIncome": "None", "otherNonOperatingIncome": "171100000", "depreciation": "None", "depreciationAndAmortization": "186600000", "incomeBeforeTax": "1591700000", "incomeTaxExpense": "229900000", "interestAndDebtExpense": "None", "netIncomeFromContinuingOperations": "23572300000", "comprehensiveIncomeNetOfTax": "None", "ebit": "1591700000", "ebitda": "1778300000", "netIncome": "1316500000"}, {"fiscalDateEnding": "2015-12-31", "reportedCurrency": "USD", "grossProfit": "5266700000", "totalRevenue": "11964400000", "costOfRevenue": "6697700000", "costofGoodsAndServicesSold": "6697700000", "operatingIncome": "1430800000", "sellingGeneralAndAdministrative": "3672400000", "researchAndDevelopment": "0", "operatingExpenses": "3835900000", "investmentIncomeNet": "None", "netInterestIncome": "None", "interestIncome": "None", "interestExpense": "0", "nonInterestIncome": "None", "otherNonOperatingIncome": "-51100000", "depreciation": "None", "depreciationAndAmortization": "193000000", "incomeBeforeTax": "1430800000", "incomeTaxExpense": "177600000", "interestAndDebtExpense": "None", "netIncomeFromContinuingOperations": "22831600000", "comprehensiveIncomeNetOfTax": "None", "ebit": "1430800000", "ebitda": "1623800000", "netIncome": "1234000000"}, {"fiscalDateEnding": "2014-12-31", "reportedCurrency": "USD", "grossProfit": "5246600000", "totalRevenue": "10477600000", "costOfRevenue": "5231000000", "costofGoodsAndServicesSold": "5231000000", "operatingIncome": "1494900000", "sellingGeneralAndAdministrative": "3574300000", "researchAndDevelopment": "0", "operatingExpenses": "3751700000", "investmentIncomeNet": "None", "netInterestIncome": "None", "interestIncome": "None", "interestExpense": "134100000", "nonInterestIncome": "None", "otherNonOperatingIncome": "14700000", "depreciation": "None", "depreciationAndAmortization": "169500000", "incomeBeforeTax": "1494900000", "incomeTaxExpense": "318500000", "interestAndDebtExpense": "None", "netIncomeFromContinuingOperations": "18447200000", "comprehensiveIncomeNetOfTax": "None", "ebit": "1494900000", "ebitda": "1664400000", "netIncome": "1144100000"}, {"fiscalDateEnding": "2013-12-31", "reportedCurrency": "USD", "grossProfit": "4605900000", "totalRevenue": "9289500000", "costOfRevenue": "4683600000", "costofGoodsAndServicesSold": "4683600000", "operatingIncome": "1124000000", "sellingGeneralAndAdministrative": "3292900000", "researchAndDevelopment": "0", "operatingExpenses": "3481900000", "investmentIncomeNet": "None", "netInterestIncome": "None", "interestIncome": "None", "interestExpense": "142400000", "nonInterestIncome": "None", "otherNonOperatingIncome": "None", "depreciation": "None", "depreciationAndAmortization": "153900000", "incomeBeforeTax": "1124000000", "incomeTaxExpense": "187900000", "interestAndDebtExpense": "None", "netIncomeFromContinuingOperations": "936100000", "comprehensiveIncomeNetOfTax": "None", "ebit": "1124000000", "ebitda": "1277900000", "netIncome": "912700000"}, {"fiscalDateEnding": "2012-12-31", "reportedCurrency": "USD", "grossProfit": "4091200000", "totalRevenue": "9215100000", "costOfRevenue": "5123900000", "costofGoodsAndServicesSold": "5123900000", "operatingIncome": "960000000", "sellingGeneralAndAdministrative": "2933500000", "researchAndDevelopment": "0", "operatingExpenses": "3131200000", "investmentIncomeNet": "None", "netInterestIncome": "None", "interestIncome": "None", "interestExpense": "132700000", "nonInterestIncome": "None", "otherNonOperatingIncome": "None", "depreciation": "None", "depreciationAndAmortization": "132100000", "incomeBeforeTax": "960000000", "incomeTaxExpense": "134600000", "interestAndDebtExpense": "None", "netIncomeFromContinuingOperations": "824700000", "comprehensiveIncomeNetOfTax": "None", "ebit": "960000000", "ebitda": "1092100000", "netIncome": "806600000"}, {"fiscalDateEnding": "2011-12-31", "reportedCurrency": "USD", "grossProfit": "4054100000", "totalRevenue": "8670700000", "costOfRevenue": "4616600000", "costofGoodsAndServicesSold": "4616600000", "operatingIncome": "872800000", "sellingGeneralAndAdministrative": "2971100000", "researchAndDevelopment": "0", "operatingExpenses": "3181300000", "investmentIncomeNet": "None", "netInterestIncome": "None", "interestIncome": "None", "interestExpense": "0", "nonInterestIncome": "None", "otherNonOperatingIncome": "None", "depreciation": "None", "depreciationAndAmortization": "119900000", "incomeBeforeTax": "872800000", "incomeTaxExpense": "198300000", "interestAndDebtExpense": "None", "netIncomeFromContinuingOperations": "None", "comprehensiveIncomeNetOfTax": "None", "ebit": "872800000", "ebitda": "992700000", "netIncome": "638300000"}, {"fiscalDateEnding": "2010-12-31", "reportedCurrency": "USD", "grossProfit": "3993900000", "totalRevenue": "9198200000", "costOfRevenue": "5204300000", "costofGoodsAndServicesSold": "5204300000", "operatingIncome": "785700000", "sellingGeneralAndAdministrative": "2988300000", "researchAndDevelopment": "0", "operatingExpenses": "3208200000", "investmentIncomeNet": "None", "netInterestIncome": "None", "interestIncome": "None", "interestExpense": "120100000", "nonInterestIncome": "None", "otherNonOperatingIncome": "None", "depreciation": "None", "depreciationAndAmortization": "164700000", "incomeBeforeTax": "785700000", "incomeTaxExpense": "104900000", "interestAndDebtExpense": "None", "netIncomeFromContinuingOperations": "None", "comprehensiveIncomeNetOfTax": "None", "ebit": "785700000", "ebitda": "950400000", "netIncome": "662900000"}, {"fiscalDateEnding": "2009-12-31", "reportedCurrency": "USD", "grossProfit": "3514600000", "totalRevenue": "8849100000", "costOfRevenue": "5334500000", "costofGoodsAndServicesSold": "5334500000", "operatingIncome": "745800000", "sellingGeneralAndAdministrative": "0", "researchAndDevelopment": "0", "operatingExpenses": "2768800000", "investmentIncomeNet": "None", "netInterestIncome": "None", "interestIncome": "None", "interestExpense": "0", "nonInterestIncome": "None", "otherNonOperatingIncome": "None", "depreciation": "None", "depreciationAndAmortization": "138500000", "incomeBeforeTax": "745800000", "incomeTaxExpense": "100100000", "interestAndDebtExpense": "None", "netIncomeFromContinuingOperations": "None", "comprehensiveIncomeNetOfTax": "None", "ebit": "745800000", "ebitda": "884300000", "netIncome": "622700000"}, {"fiscalDateEnding": "2008-12-31", "reportedCurrency": "USD", "grossProfit": "3716000000", "totalRevenue": "9935900000", "costOfRevenue": "6219900000", "costofGoodsAndServicesSold": "6219900000", "operatingIncome": "461300000", "sellingGeneralAndAdministrative": "2995100000", "researchAndDevelopment": "None", "operatingExpenses": "3254700000", "investmentIncomeNet": "None", "netInterestIncome": "None", "interestIncome": "None", "interestExpense": "0", "nonInterestIncome": "None", "otherNonOperatingIncome": "None", "depreciation": "None", "depreciationAndAmortization": "145000000", "incomeBeforeTax": "461300000", "incomeTaxExpense": "-4500000", "interestAndDebtExpense": "None", "netIncomeFromContinuingOperations": "None", "comprehensiveIncomeNetOfTax": "None", "ebit": "461300000", "ebitda": "606300000", "netIncome": "458100000"}, {"fiscalDateEnding": "2007-12-31", "reportedCurrency": "USD", "grossProfit": "4471200000", "totalRevenue": "10906500000", "costOfRevenue": "6435300000", "costofGoodsAndServicesSold": "6435300000", "operatingIncome": "1072400000", "sellingGeneralAndAdministrative": "None", "researchAndDevelopment": "None", "operatingExpenses": "3398800000", "investmentIncomeNet": "None", "netInterestIncome": "None", "interestIncome": "None", "interestExpense": "0", "nonInterestIncome": "None", "otherNonOperatingIncome": "None", "depreciation": "None", "depreciationAndAmortization": "130200000", "incomeBeforeTax": "1072400000", "incomeTaxExpense": "208100000", "interestAndDebtExpense": "None", "netIncomeFromContinuingOperations": "None", "comprehensiveIncomeNetOfTax": "None", "ebit": "1072400000", "ebitda": "1202600000", "netIncome": "860300000"}, {"fiscalDateEnding": "2006-12-31", "reportedCurrency": "USD", "grossProfit": "4180700000", "totalRevenue": "9873100000", "costOfRevenue": "5692400000", "costofGoodsAndServicesSold": "5692400000", "operatingIncome": "1331300000", "sellingGeneralAndAdministrative": "2558700000", "researchAndDevelopment": "None", "operatingExpenses": "2849400000", "investmentIncomeNet": "None", "netInterestIncome": "None", "interestIncome": "None", "interestExpense": "0", "nonInterestIncome": "None", "otherNonOperatingIncome": "None", "depreciation": "None", "depreciationAndAmortization": "101300000", "incomeBeforeTax": "1331300000", "incomeTaxExpense": "295900000", "interestAndDebtExpense": "None", "netIncomeFromContinuingOperations": "None", "comprehensiveIncomeNetOfTax": "None", "ebit": "1331300000", "ebitda": "1432600000", "netIncome": "1064300000"}], "quarterlyReports": [{"fiscalDateEnding": "2025-12-31", "reportedCurrency": "None", "grossProfit": "-1900000", "totalRevenue": "-1900000", "costOfRevenue": "None", "costofGoodsAndServicesSold": "None", "operatingIncome": "None", "sellingGeneralAndAdministrative": "None", "researchAndDevelopment": "None", "operatingExpenses": "-1900000", "investmentIncomeNet": "None", "netInterestIncome": "None", "interestIncome": "None", "interestExpense": "None", "nonInterestIncome": "None", "otherNonOperatingIncome": "None", "depreciation": "None", "depreciationAndAmortization": "None", "incomeBeforeTax": "None", "incomeTaxExpense": "None", "interestAndDebtExpense": "None", "netIncomeFromContinuingOperations": "None", "comprehensiveIncomeNetOfTax": "None", "ebit": "None", "ebitda": "None", "netIncome": "517000000"}, {"fiscalDateEnding": "2025-09-30", "reportedCurrency": "USD", "grossProfit": "1652600000", "totalRevenue": "3681600000", "costOfRevenue": "2029000000", "costofGoodsAndServicesSold": "2029000000", "operatingIncome": "248400000", "sellingGeneralAndAdministrative": "None", "researchAndDevelopment": "None", "operatingExpenses": "1404200000", "investmentIncomeNet": "None", "netInterestIncome": "None", "interestIncome": "None", "interestExpense": "None", "nonInterestIncome": "None", "otherNonOperatingIncome": "None", "depreciation": "None", "depreciationAndAmortization": "None", "incomeBeforeTax": "248400000", "incomeTaxExpense": "14500000", "interestAndDebtExpense": "None", "netIncomeFromContinuingOperations": "233900000", "comprehensiveIncomeNetOfTax": "None", "ebit": "None", "ebitda": "248400000", "netIncome": "213800000"}, {"fiscalDateEnding": "2025-06-30", "reportedCurrency": "USD", "grossProfit": "1821400000", "totalRevenue": "3671300000", "costOfRevenue": "1849900000", "costofGoodsAndServicesSold": "1849900000", "operatingIncome": "503100000", "sellingGeneralAndAdministrative": "None", "researchAndDevelopment": "None", "operatingExpenses": "1318300000", "investmentIncomeNet": "None", "netInterestIncome": "None", "interestIncome": "None", "interestExpense": "None", "nonInterestIncome": "None", "otherNonOperatingIncome": "None", "depreciation": "None", "depreciationAndAmortization": "None", "incomeBeforeTax": "503100000", "incomeTaxExpense": "69600000", "interestAndDebtExpense": "None", "netIncomeFromContinuingOperations": "433500000", "comprehensiveIncomeNetOfTax": "None", "ebit": "None", "ebitda": "503100000", "netIncome": "406200000"}, {"fiscalDateEnding": "2025-03-31", "reportedCurrency": "USD", "grossProfit": "1439000000", "totalRevenue": "3695900000", "costOfRevenue": "2256900000", "costofGoodsAndServicesSold": "2256900000", "operatingIncome": "28900000", "sellingGeneralAndAdministrative": "None", "researchAndDevelopment": "None", "operatingExpenses": "1410100000", "investmentIncomeNet": "None", "netInterestIncome": "None", "interestIncome": "None", "interestExpense": "42700000", "nonInterestIncome": "None", "otherNonOperatingIncome": "None", "depreciation": "None", "depreciationAndAmortization": "41700000", "incomeBeforeTax": "28900000", "incomeTaxExpense": "-34000000", "interestAndDebtExpense": "None", "netIncomeFromContinuingOperations": "62900000", "comprehensiveIncomeNetOfTax": "None", "ebit": "71600000", "ebitda": "28900000", "netIncome": "48100000"}, {"fiscalDateEnding": "2024-12-31", "reportedCurrency": "USD", "grossProfit": "2508100000", "totalRevenue": "4752000000", "costOfRevenue": "2243900000", "costofGoodsAndServicesSold": "2243900000", "operatingIncome": "1112400000", "sellingGeneralAndAdministrative": "None", "researchAndDevelopment": "None", "operatingExpenses": "1395700000", "investmentIncomeNet": "None", "netInterestIncome": "None", "interestIncome": "None", "interestExpense": "None", "nonInterestIncome": "None", "otherNonOperatingIncome": "None", "depreciation": "None", "depreciationAndAmortization": "None", "incomeBeforeTax": "1112400000", "incomeTaxExpense": "209900000", "interestAndDebtExpense": "None", "netIncomeFromContinuingOperations": "902500000", "comprehensiveIncomeNetOfTax": "None", "ebit": "None", "ebitda": "1112400000", "netIncome": "905400000"}, {"fiscalDateEnding": "2024-09-30", "reportedCurrency": "USD", "grossProfit": "1057000000", "totalRevenue": "3011600000", "costOfRevenue": "1954600000", "costofGoodsAndServicesSold": "1954600000", "operatingIncome": "-293800000", "sellingGeneralAndAdministrative": "None", "researchAndDevelopment": "None", "operatingExpenses": "1350800000", "investmentIncomeNet": "None", "netInterestIncome": "None", "interestIncome": "None", "interestExpense": "None", "nonInterestIncome": "None", "otherNonOperatingIncome": "None", "depreciation": "None", "depreciationAndAmortization": "-1969500000", "incomeBeforeTax": "-293800000", "incomeTaxExpense": "-100400000", "interestAndDebtExpense": "None", "netIncomeFromContinuingOperations": "-193400000", "comprehensiveIncomeNetOfTax": "None", "ebit": "1675700000", "ebitda": "-293800000", "netIncome": "-220000000"}, {"fiscalDateEnding": "2024-06-30", "reportedCurrency": "USD", "grossProfit": "1788500000", "totalRevenue": "4310800000", "costOfRevenue": "2522300000", "costofGoodsAndServicesSold": "2522300000", "operatingIncome": "443900000", "sellingGeneralAndAdministrative": "None", "researchAndDevelopment": "None", "operatingExpenses": "1344600000", "investmentIncomeNet": "None", "netInterestIncome": "None", "interestIncome": "None", "interestExpense": "None", "nonInterestIncome": "None", "otherNonOperatingIncome": "None", "depreciation": "None", "depreciationAndAmortization": "10400000", "incomeBeforeTax": "443900000", "incomeTaxExpense": "87100000", "interestAndDebtExpense": "None", "netIncomeFromContinuingOperations": "356800000", "comprehensiveIncomeNetOfTax": "None", "ebit": "-13700000", "ebitda": "443900000", "netIncome": "353100000"}, {"fiscalDateEnding": "2024-03-31", "reportedCurrency": "USD", "grossProfit": "1999800000", "totalRevenue": "4053300000", "costOfRevenue": "2053500000", "costofGoodsAndServicesSold": "2053500000", "operatingIncome": "627100000", "sellingGeneralAndAdministrative": "None", "researchAndDevelopment": "None", "operatingExpenses": "1372700000", "investmentIncomeNet": "None", "netInterestIncome": "None", "interestIncome": "None", "interestExpense": "None", "nonInterestIncome": "None", "otherNonOperatingIncome": "None", "depreciation": "None", "depreciationAndAmortization": "9500000", "incomeBeforeTax": "627100000", "incomeTaxExpense": "95100000", "interestAndDebtExpense": "None", "netIncomeFromContinuingOperations": "532000000", "comprehensiveIncomeNetOfTax": "None", "ebit": "627100000", "ebitda": "627100000", "netIncome": "532500000"}, {"fiscalDateEnding": "2023-12-31", "reportedCurrency": "USD", "grossProfit": "205100000", "totalRevenue": "2690800000", "costOfRevenue": "2485700000", "costofGoodsAndServicesSold": "2485700000", "operatingIncome": "-1107200000", "sellingGeneralAndAdministrative": "None", "researchAndDevelopment": "None", "operatingExpenses": "1312300000", "investmentIncomeNet": "None", "netInterestIncome": "None", "interestIncome": "None", "interestExpense": "5600000", "nonInterestIncome": "None", "otherNonOperatingIncome": "None", "depreciation": "None", "depreciationAndAmortization": "11000000", "incomeBeforeTax": "-1107200000", "incomeTaxExpense": "-268000000", "interestAndDebtExpense": "None", "netIncomeFromContinuingOperations": "-839200000", "comprehensiveIncomeNetOfTax": "None", "ebit": "-1107200000", "ebitda": "-1107200000", "netIncome": "-871700000"}, {"fiscalDateEnding": "2023-09-30", "reportedCurrency": "USD", "grossProfit": "2912000000", "totalRevenue": "4598700000", "costOfRevenue": "1686700000", "costofGoodsAndServicesSold": "1686700000", "operatingIncome": "1604900000", "sellingGeneralAndAdministrative": "None", "researchAndDevelopment": "None", "operatingExpenses": "1307100000", "investmentIncomeNet": "None", "netInterestIncome": "None", "interestIncome": "None", "interestExpense": "None", "nonInterestIncome": "None", "otherNonOperatingIncome": "None", "depreciation": "None", "depreciationAndAmortization": "10000000", "incomeBeforeTax": "1604900000", "incomeTaxExpense": "354800000", "interestAndDebtExpense": "None", "netIncomeFromContinuingOperations": "1250100000", "comprehensiveIncomeNetOfTax": "None", "ebit": "1594900000", "ebitda": "1604900000", "netIncome": "1246200000"}, {"fiscalDateEnding": "2023-06-30", "reportedCurrency": "USD", "grossProfit": "1729400000", "totalRevenue": "3557300000", "costOfRevenue": "1827900000", "costofGoodsAndServicesSold": "1827900000", "operatingIncome": "453600000", "sellingGeneralAndAdministrative": "None", "researchAndDevelopment": "None", "operatingExpenses": "1275800000", "investmentIncomeNet": "None", "netInterestIncome": "None", "interestIncome": "None", "interestExpense": "None", "nonInterestIncome": "None", "otherNonOperatingIncome": "None", "depreciation": "None", "depreciationAndAmortization": "9000000", "incomeBeforeTax": "453600000", "incomeTaxExpense": "59900000", "interestAndDebtExpense": "None", "netIncomeFromContinuingOperations": "393700000", "comprehensiveIncomeNetOfTax": "None", "ebit": "444600000", "ebitda": "453600000", "netIncome": "388800000"}, {"fiscalDateEnding": "2023-03-31", "reportedCurrency": "USD", "grossProfit": "1053600000", "totalRevenue": "2819000000", "costOfRevenue": "1765400000", "costofGoodsAndServicesSold": "1765400000", "operatingIncome": "-212500000", "sellingGeneralAndAdministrative": "None", "researchAndDevelopment": "None", "operatingExpenses": "1266100000", "investmentIncomeNet": "None", "netInterestIncome": "None", "interestIncome": "None", "interestExpense": "5600000", "nonInterestIncome": "None", "otherNonOperatingIncome": "None", "depreciation": "None", "depreciationAndAmortization": "8300000", "incomeBeforeTax": "-212500000", "incomeTaxExpense": "-78000000", "interestAndDebtExpense": "None", "netIncomeFromContinuingOperations": "-134500000", "comprehensiveIncomeNetOfTax": "None", "ebit": "-220800000", "ebitda": "-212500000", "netIncome": "-140100000"}, {"fiscalDateEnding": "2022-12-31", "reportedCurrency": "USD", "grossProfit": "1224500000", "totalRevenue": "3122000000", "costOfRevenue": "1897500000", "costofGoodsAndServicesSold": "1897500000", "operatingIncome": "4900000", "sellingGeneralAndAdministrative": "None", "researchAndDevelopment": "None", "operatingExpenses": "1219600000", "investmentIncomeNet": "None", "netInterestIncome": "None", "interestIncome": "None", "interestExpense": "25000000", "nonInterestIncome": "None", "otherNonOperatingIncome": "None", "depreciation": "None", "depreciationAndAmortization": "9000000", "incomeBeforeTax": "4900000", "incomeTaxExpense": "-10600000", "interestAndDebtExpense": "None", "netIncomeFromContinuingOperations": "15500000", "comprehensiveIncomeNetOfTax": "None", "ebit": "266800000", "ebitda": "4900000", "netIncome": "-9500000"}, {"fiscalDateEnding": "2022-09-30", "reportedCurrency": "USD", "grossProfit": "2875700000", "totalRevenue": "4625300000", "costOfRevenue": "1749600000", "costofGoodsAndServicesSold": "1749600000", "operatingIncome": "1640400000", "sellingGeneralAndAdministrative": "None", "researchAndDevelopment": "None", "operatingExpenses": "1235300000", "investmentIncomeNet": "None", "netInterestIncome": "None", "interestIncome": "None", "interestExpense": "None", "nonInterestIncome": "None", "otherNonOperatingIncome": "None", "depreciation": "None", "depreciationAndAmortization": "8400000", "incomeBeforeTax": "1640400000", "incomeTaxExpense": "328800000", "interestAndDebtExpense": "None", "netIncomeFromContinuingOperations": "1381400000", "comprehensiveIncomeNetOfTax": "None", "ebit": "1725800000", "ebitda": "1640400000", "netIncome": "1315700000"}, {"fiscalDateEnding": "2022-06-30", "reportedCurrency": "USD", "grossProfit": "5330800000", "totalRevenue": "6664500000", "costOfRevenue": "1333700000", "costofGoodsAndServicesSold": "1333700000", "operatingIncome": "3970600000", "sellingGeneralAndAdministrative": "None", "researchAndDevelopment": "None", "operatingExpenses": "1360200000", "investmentIncomeNet": "None", "netInterestIncome": "None", "interestIncome": "None", "interestExpense": "None", "nonInterestIncome": "None", "otherNonOperatingIncome": "None", "depreciation": "None", "depreciationAndAmortization": "8600000", "incomeBeforeTax": "3970600000", "incomeTaxExpense": "836700000", "interestAndDebtExpense": "None", "netIncomeFromContinuingOperations": "3074600000", "comprehensiveIncomeNetOfTax": "None", "ebit": "3873300000", "ebitda": "3970600000", "netIncome": "3118700000"}, {"fiscalDateEnding": "2022-03-31", "reportedCurrency": "USD", "grossProfit": "1582500000", "totalRevenue": "3095500000", "costOfRevenue": "1513000000", "costofGoodsAndServicesSold": "1513000000", "operatingIncome": "378400000", "sellingGeneralAndAdministrative": "None", "researchAndDevelopment": "None", "operatingExpenses": "1204100000", "investmentIncomeNet": "None", "netInterestIncome": "None", "interestIncome": "None", "interestExpense": "4500000", "nonInterestIncome": "None", "otherNonOperatingIncome": "None", "depreciation": "None", "depreciationAndAmortization": "9600000", "incomeBeforeTax": "378400000", "incomeTaxExpense": "35200000", "interestAndDebtExpense": "None", "netIncomeFromContinuingOperations": "380700000", "comprehensiveIncomeNetOfTax": "None", "ebit": "413900000", "ebitda": "378400000", "netIncome": "338700000"}, {"fiscalDateEnding": "2021-12-31", "reportedCurrency": "USD", "grossProfit": "1952500000", "totalRevenue": "4091100000", "costOfRevenue": "2138600000", "costofGoodsAndServicesSold": "2138600000", "operatingIncome": "609000000", "sellingGeneralAndAdministrative": "3663300000", "researchAndDevelopment": "None", "operatingExpenses": "1343500000", "investmentIncomeNet": "None", "netInterestIncome": "None", "interestIncome": "None", "interestExpense": "33400000", "nonInterestIncome": "None", "otherNonOperatingIncome": "None", "depreciation": "None", "depreciationAndAmortization": "8300000", "incomeBeforeTax": "609000000", "incomeTaxExpense": "103800000", "interestAndDebtExpense": "None", "netIncomeFromContinuingOperations": "-4050100000", "comprehensiveIncomeNetOfTax": "None", "ebit": "567300000", "ebitda": "609000000", "netIncome": "471800000"}, {"fiscalDateEnding": "2021-09-30", "reportedCurrency": "USD", "grossProfit": "1652800000", "totalRevenue": "3423700000", "costOfRevenue": "1770900000", "costofGoodsAndServicesSold": "1770900000", "operatingIncome": "428100000", "sellingGeneralAndAdministrative": "1196500000", "researchAndDevelopment": "None", "operatingExpenses": "1224700000", "investmentIncomeNet": "None", "netInterestIncome": "None", "interestIncome": "None", "interestExpense": "None", "nonInterestIncome": "None", "otherNonOperatingIncome": "None", "depreciation": "None", "depreciationAndAmortization": "8000000", "incomeBeforeTax": "428100000", "incomeTaxExpense": "63800000", "interestAndDebtExpense": "None", "netIncomeFromContinuingOperations": "364300000", "comprehensiveIncomeNetOfTax": "None", "ebit": "415700000", "ebitda": "428100000", "netIncome": "359900000"}, {"fiscalDateEnding": "2021-06-30", "reportedCurrency": "USD", "grossProfit": "1726600000", "totalRevenue": "3539400000", "costOfRevenue": "1812800000", "costofGoodsAndServicesSold": "1812800000", "operatingIncome": "432600000", "sellingGeneralAndAdministrative": "1265100000", "researchAndDevelopment": "None", "operatingExpenses": "1294000000", "investmentIncomeNet": "None", "netInterestIncome": "None", "interestIncome": "None", "interestExpense": "None", "nonInterestIncome": "None", "otherNonOperatingIncome": "None", "depreciation": "None", "depreciationAndAmortization": "9000000", "incomeBeforeTax": "432600000", "incomeTaxExpense": "61000000", "interestAndDebtExpense": "None", "netIncomeFromContinuingOperations": "371600000", "comprehensiveIncomeNetOfTax": "None", "ebit": "413800000", "ebitda": "432600000", "netIncome": "361800000"}, {"fiscalDateEnding": "2021-03-31", "reportedCurrency": "USD", "grossProfit": "1833800000", "totalRevenue": "3208500000", "costOfRevenue": "1374700000", "costofGoodsAndServicesSold": "1374700000", "operatingIncome": "613900000", "sellingGeneralAndAdministrative": "1201700000", "researchAndDevelopment": "None", "operatingExpenses": "1219900000", "investmentIncomeNet": "None", "netInterestIncome": "None", "interestIncome": "None", "interestExpense": "None", "nonInterestIncome": "None", "otherNonOperatingIncome": "151400000", "depreciation": "None", "depreciationAndAmortization": "7100000", "incomeBeforeTax": "613900000", "incomeTaxExpense": "97600000", "interestAndDebtExpense": "None", "netIncomeFromContinuingOperations": "5071600000", "comprehensiveIncomeNetOfTax": "None", "ebit": "607600000", "ebitda": "613900000", "netIncome": "517100000"}, {"fiscalDateEnding": "2020-12-31", "reportedCurrency": "USD", "grossProfit": "1783400000", "totalRevenue": "3765100000", "costOfRevenue": "1981700000", "costofGoodsAndServicesSold": "1981700000", "operatingIncome": "591600000", "sellingGeneralAndAdministrative": "1161800000", "researchAndDevelopment": "None", "operatingExpenses": "1191800000", "investmentIncomeNet": "None", "netInterestIncome": "None", "interestIncome": "None", "interestExpense": "None", "nonInterestIncome": "None", "otherNonOperatingIncome": "133100000", "depreciation": "None", "depreciationAndAmortization": "-591600000", "incomeBeforeTax": "591600000", "incomeTaxExpense": "100100000", "interestAndDebtExpense": "None", "netIncomeFromContinuingOperations": "491500000", "comprehensiveIncomeNetOfTax": "None", "ebit": "1164300000", "ebitda": "591600000", "netIncome": "472600000"}, {"fiscalDateEnding": "2020-09-30", "reportedCurrency": "USD", "grossProfit": "1470900000", "totalRevenue": "3310700000", "costOfRevenue": "1839800000", "costofGoodsAndServicesSold": "1839800000", "operatingIncome": "275100000", "sellingGeneralAndAdministrative": "1165900000", "researchAndDevelopment": "None", "operatingExpenses": "1195800000", "investmentIncomeNet": "None", "netInterestIncome": "None", "interestIncome": "None", "interestExpense": "None", "nonInterestIncome": "None", "otherNonOperatingIncome": "65500000", "depreciation": "None", "depreciationAndAmortization": "-275100000", "incomeBeforeTax": "275100000", "incomeTaxExpense": "39200000", "interestAndDebtExpense": "None", "netIncomeFromContinuingOperations": "6194300000", "comprehensiveIncomeNetOfTax": "None", "ebit": "550300000", "ebitda": "275100000", "netIncome": "236000000"}, {"fiscalDateEnding": "2020-06-30", "reportedCurrency": "USD", "grossProfit": "1513300000", "totalRevenue": "3114600000", "costOfRevenue": "1601300000", "costofGoodsAndServicesSold": "1601300000", "operatingIncome": "498600000", "sellingGeneralAndAdministrative": "983300000", "researchAndDevelopment": "None", "operatingExpenses": "1014700000", "investmentIncomeNet": "None", "netInterestIncome": "None", "interestIncome": "None", "interestExpense": "None", "nonInterestIncome": "None", "otherNonOperatingIncome": "-27400000", "depreciation": "None", "depreciationAndAmortization": "-498600000", "incomeBeforeTax": "498600000", "incomeTaxExpense": "82500000", "interestAndDebtExpense": "None", "netIncomeFromContinuingOperations": "5456900000", "comprehensiveIncomeNetOfTax": "None", "ebit": "979400000", "ebitda": "498600000", "netIncome": "398300000"}, {"fiscalDateEnding": "2020-03-31", "reportedCurrency": "USD", "grossProfit": "1692600000", "totalRevenue": "4551300000", "costOfRevenue": "2858700000", "costofGoodsAndServicesSold": "2858700000", "operatingIncome": "328200000", "sellingGeneralAndAdministrative": "1335500000", "researchAndDevelopment": "None", "operatingExpenses": "1364400000", "investmentIncomeNet": "None", "netInterestIncome": "None", "interestIncome": "None", "interestExpense": "None", "nonInterestIncome": "None", "otherNonOperatingIncome": "131400000", "depreciation": "None", "depreciationAndAmortization": "-328200000", "incomeBeforeTax": "328200000", "incomeTaxExpense": "43200000", "interestAndDebtExpense": "None", "netIncomeFromContinuingOperations": "9576300000", "comprehensiveIncomeNetOfTax": "None", "ebit": "660300000", "ebitda": "328200000", "netIncome": "288900000"}, {"fiscalDateEnding": "2019-12-31", "reportedCurrency": "USD", "grossProfit": "1622700000", "totalRevenue": "4047200000", "costOfRevenue": "2424500000", "costofGoodsAndServicesSold": "2424500000", "operatingIncome": "371300000", "sellingGeneralAndAdministrative": "1222600000", "researchAndDevelopment": "None", "operatingExpenses": "1251400000", "investmentIncomeNet": "None", "netInterestIncome": "None", "interestIncome": "200000", "interestExpense": "None", "nonInterestIncome": "None", "otherNonOperatingIncome": "None", "depreciation": "None", "depreciationAndAmortization": "63000000", "incomeBeforeTax": "371300000", "incomeTaxExpense": "56000000", "interestAndDebtExpense": "None", "netIncomeFromContinuingOperations": "315300000", "comprehensiveIncomeNetOfTax": "None", "ebit": "371300000", "ebitda": "434300000", "netIncome": "300900000"}, {"fiscalDateEnding": "2019-09-30", "reportedCurrency": "USD", "grossProfit": "1618300000", "totalRevenue": "4458400000", "costOfRevenue": "2840100000", "costofGoodsAndServicesSold": "2840100000", "operatingIncome": "345700000", "sellingGeneralAndAdministrative": "1242300000", "researchAndDevelopment": "None", "operatingExpenses": "1272600000", "investmentIncomeNet": "None", "netInterestIncome": "None", "interestIncome": "300000", "interestExpense": "None", "nonInterestIncome": "None", "otherNonOperatingIncome": "None", "depreciation": "None", "depreciationAndAmortization": "59600000", "incomeBeforeTax": "345700000", "incomeTaxExpense": "61100000", "interestAndDebtExpense": "None", "netIncomeFromContinuingOperations": "284600000", "comprehensiveIncomeNetOfTax": "None", "ebit": "345700000", "ebitda": "405300000", "netIncome": "277100000"}, {"fiscalDateEnding": "2019-06-30", "reportedCurrency": "USD", "grossProfit": "1526500000", "totalRevenue": "3972600000", "costOfRevenue": "2446100000", "costofGoodsAndServicesSold": "2446100000", "operatingIncome": "450300000", "sellingGeneralAndAdministrative": "1046300000", "researchAndDevelopment": "None", "operatingExpenses": "1076200000", "investmentIncomeNet": "None", "netInterestIncome": "None", "interestIncome": "200000", "interestExpense": "None", "nonInterestIncome": "None", "otherNonOperatingIncome": "None", "depreciation": "None", "depreciationAndAmortization": "53200000", "incomeBeforeTax": "450300000", "incomeTaxExpense": "58200000", "interestAndDebtExpense": "None", "netIncomeFromContinuingOperations": "392100000", "comprehensiveIncomeNetOfTax": "None", "ebit": "450300000", "ebitda": "503500000", "netIncome": "386300000"}, {"fiscalDateEnding": "2019-03-31", "reportedCurrency": "USD", "grossProfit": "1548800000", "totalRevenue": "3743900000", "costOfRevenue": "2195100000", "costofGoodsAndServicesSold": "2195100000", "operatingIncome": "526000000", "sellingGeneralAndAdministrative": "992700000", "researchAndDevelopment": "None", "operatingExpenses": "1022800000", "investmentIncomeNet": "None", "netInterestIncome": "None", "interestIncome": "None", "interestExpense": "None", "nonInterestIncome": "None", "otherNonOperatingIncome": "84500000", "depreciation": "None", "depreciationAndAmortization": "51000000", "incomeBeforeTax": "526000000", "incomeTaxExpense": "73900000", "interestAndDebtExpense": "None", "netIncomeFromContinuingOperations": "7326400000", "comprehensiveIncomeNetOfTax": "None", "ebit": "526000000", "ebitda": "577000000", "netIncome": "429900000"}, {"fiscalDateEnding": "2018-12-31", "reportedCurrency": "USD", "grossProfit": "1330500000", "totalRevenue": "3770600000", "costOfRevenue": "2440100000", "costofGoodsAndServicesSold": "2440100000", "operatingIncome": "242900000", "sellingGeneralAndAdministrative": "1056600000", "researchAndDevelopment": "0", "operatingExpenses": "1087600000", "investmentIncomeNet": "None", "netInterestIncome": "None", "interestIncome": "None", "interestExpense": "36800000", "nonInterestIncome": "None", "otherNonOperatingIncome": "-112200000", "depreciation": "None", "depreciationAndAmortization": "53200000", "incomeBeforeTax": "242900000", "incomeTaxExpense": "11200000", "interestAndDebtExpense": "None", "netIncomeFromContinuingOperations": "7874000000", "comprehensiveIncomeNetOfTax": "None", "ebit": "242900000", "ebitda": "296100000", "netIncome": "236500000"}, {"fiscalDateEnding": "2018-09-30", "reportedCurrency": "USD", "grossProfit": "1706000000", "totalRevenue": "4348100000", "costOfRevenue": "2642100000", "costofGoodsAndServicesSold": "2642100000", "operatingIncome": "569100000", "sellingGeneralAndAdministrative": "1105000000", "researchAndDevelopment": "0", "operatingExpenses": "1136900000", "investmentIncomeNet": "None", "netInterestIncome": "None", "interestIncome": "None", "interestExpense": "36800000", "nonInterestIncome": "None", "otherNonOperatingIncome": "-5500000", "depreciation": "None", "depreciationAndAmortization": "50700000", "incomeBeforeTax": "569100000", "incomeTaxExpense": "109100000", "interestAndDebtExpense": "None", "netIncomeFromContinuingOperations": "8729000000", "comprehensiveIncomeNetOfTax": "None", "ebit": "569100000", "ebitda": "619800000", "netIncome": "456300000"}, {"fiscalDateEnding": "2018-06-30", "reportedCurrency": "USD", "grossProfit": "1535700000", "totalRevenue": "3234900000", "costOfRevenue": "1699200000", "costofGoodsAndServicesSold": "1699200000", "operatingIncome": "515400000", "sellingGeneralAndAdministrative": "990100000", "researchAndDevelopment": "0", "operatingExpenses": "1020300000", "investmentIncomeNet": "None", "netInterestIncome": "None", "interestIncome": "None", "interestExpense": "36700000", "nonInterestIncome": "None", "otherNonOperatingIncome": "67400000", "depreciation": "None", "depreciationAndAmortization": "50600000", "incomeBeforeTax": "515400000", "incomeTaxExpense": "55900000", "interestAndDebtExpense": "None", "netIncomeFromContinuingOperations": "5838000000", "comprehensiveIncomeNetOfTax": "None", "ebit": "515400000", "ebitda": "566000000", "netIncome": "456600000"}, {"fiscalDateEnding": "2018-03-31", "reportedCurrency": "USD", "grossProfit": "1472500000", "totalRevenue": "2883600000", "costOfRevenue": "1411100000", "costofGoodsAndServicesSold": "1411100000", "operatingIncome": "457000000", "sellingGeneralAndAdministrative": "985000000", "researchAndDevelopment": "0", "operatingExpenses": "1015500000", "investmentIncomeNet": "None", "netInterestIncome": "None", "interestIncome": "None", "interestExpense": "39500000", "nonInterestIncome": "None", "otherNonOperatingIncome": "-25100000", "depreciation": "None", "depreciationAndAmortization": "50600000", "incomeBeforeTax": "457000000", "incomeTaxExpense": "54500000", "interestAndDebtExpense": "None", "netIncomeFromContinuingOperations": "4892800000", "comprehensiveIncomeNetOfTax": "None", "ebit": "457000000", "ebitda": "507600000", "netIncome": "397100000"}, {"fiscalDateEnding": "2017-12-31", "reportedCurrency": "USD", "grossProfit": "1435800000", "totalRevenue": "3237700000", "costOfRevenue": "1801900000", "costofGoodsAndServicesSold": "1801900000", "operatingIncome": "314800000", "sellingGeneralAndAdministrative": "1089100000", "researchAndDevelopment": "0", "operatingExpenses": "1121000000", "investmentIncomeNet": "None", "netInterestIncome": "None", "interestIncome": "None", "interestExpense": "37100000", "nonInterestIncome": "None", "otherNonOperatingIncome": "-39900000", "depreciation": "None", "depreciationAndAmortization": "50900000", "incomeBeforeTax": "314800000", "incomeTaxExpense": "-528100000", "interestAndDebtExpense": "None", "netIncomeFromContinuingOperations": "5579300000", "comprehensiveIncomeNetOfTax": "None", "ebit": "314800000", "ebitda": "365700000", "netIncome": "841800000"}, {"fiscalDateEnding": "2017-09-30", "reportedCurrency": "USD", "grossProfit": "2123200000", "totalRevenue": "4627800000", "costOfRevenue": "2504600000", "costofGoodsAndServicesSold": "2504600000", "operatingIncome": "1157800000", "sellingGeneralAndAdministrative": "932800000", "researchAndDevelopment": "0", "operatingExpenses": "965400000", "investmentIncomeNet": "None", "netInterestIncome": "None", "interestIncome": "None", "interestExpense": "37100000", "nonInterestIncome": "None", "otherNonOperatingIncome": "676600000", "depreciation": "None", "depreciationAndAmortization": "49300000", "incomeBeforeTax": "1157800000", "incomeTaxExpense": "344600000", "interestAndDebtExpense": "None", "netIncomeFromContinuingOperations": "9154500000", "comprehensiveIncomeNetOfTax": "None", "ebit": "1157800000", "ebitda": "1207100000", "netIncome": "810200000"}, {"fiscalDateEnding": "2017-06-30", "reportedCurrency": "USD", "grossProfit": "1319500000", "totalRevenue": "3178300000", "costOfRevenue": "1858800000", "costofGoodsAndServicesSold": "1858800000", "operatingIncome": "365600000", "sellingGeneralAndAdministrative": "928700000", "researchAndDevelopment": "0", "operatingExpenses": "953900000", "investmentIncomeNet": "None", "netInterestIncome": "None", "interestIncome": "None", "interestExpense": "37100000", "nonInterestIncome": "None", "otherNonOperatingIncome": "-95900000", "depreciation": "None", "depreciationAndAmortization": "47400000", "incomeBeforeTax": "365600000", "incomeTaxExpense": "50800000", "interestAndDebtExpense": "None", "netIncomeFromContinuingOperations": "6104300000", "comprehensiveIncomeNetOfTax": "None", "ebit": "365600000", "ebitda": "413000000", "netIncome": "309500000"}, {"fiscalDateEnding": "2017-03-31", "reportedCurrency": "USD", "grossProfit": "1392100000", "totalRevenue": "3049400000", "costOfRevenue": "1657300000", "costofGoodsAndServicesSold": "1657300000", "operatingIncome": "414000000", "sellingGeneralAndAdministrative": "943200000", "researchAndDevelopment": "0", "operatingExpenses": "978100000", "investmentIncomeNet": "None", "netInterestIncome": "None", "interestIncome": "None", "interestExpense": "37000000", "nonInterestIncome": "None", "otherNonOperatingIncome": "-16600000", "depreciation": "None", "depreciationAndAmortization": "48100000", "incomeBeforeTax": "414000000", "incomeTaxExpense": "60400000", "interestAndDebtExpense": "None", "netIncomeFromContinuingOperations": "5619400000", "comprehensiveIncomeNetOfTax": "None", "ebit": "414000000", "ebitda": "462100000", "netIncome": "348900000"}, {"fiscalDateEnding": "2016-12-31", "reportedCurrency": "USD", "grossProfit": "1401200000", "totalRevenue": "3513800000", "costOfRevenue": "2112600000", "costofGoodsAndServicesSold": "2112600000", "operatingIncome": "381300000", "sellingGeneralAndAdministrative": "985600000", "researchAndDevelopment": "0", "operatingExpenses": "1019900000", "investmentIncomeNet": "None", "netInterestIncome": "None", "interestIncome": "None", "interestExpense": "40100000", "nonInterestIncome": "None", "otherNonOperatingIncome": "-43400000", "depreciation": "None", "depreciationAndAmortization": "47000000", "incomeBeforeTax": "381300000", "incomeTaxExpense": "43100000", "interestAndDebtExpense": "None", "netIncomeFromContinuingOperations": "7017100000", "comprehensiveIncomeNetOfTax": "None", "ebit": "381300000", "ebitda": "428300000", "netIncome": "318000000"}, {"fiscalDateEnding": "2016-09-30", "reportedCurrency": "USD", "grossProfit": "1335800000", "totalRevenue": "2818000000", "costOfRevenue": "1482200000", "costofGoodsAndServicesSold": "1482200000", "operatingIncome": "370700000", "sellingGeneralAndAdministrative": "919600000", "researchAndDevelopment": "0", "operatingExpenses": "965100000", "investmentIncomeNet": "None", "netInterestIncome": "None", "interestIncome": "None", "interestExpense": "41300000", "nonInterestIncome": "None", "otherNonOperatingIncome": "44200000", "depreciation": "None", "depreciationAndAmortization": "46400000", "incomeBeforeTax": "370700000", "incomeTaxExpense": "43300000", "interestAndDebtExpense": "None", "netIncomeFromContinuingOperations": "5065200000", "comprehensiveIncomeNetOfTax": "None", "ebit": "370700000", "ebitda": "417100000", "netIncome": "308200000"}, {"fiscalDateEnding": "2016-06-30", "reportedCurrency": "USD", "grossProfit": "1365800000", "totalRevenue": "3025700000", "costOfRevenue": "1659900000", "costofGoodsAndServicesSold": "1659900000", "operatingIncome": "399900000", "sellingGeneralAndAdministrative": "927900000", "researchAndDevelopment": "0", "operatingExpenses": "965900000", "investmentIncomeNet": "None", "netInterestIncome": "None", "interestIncome": "None", "interestExpense": "41600000", "nonInterestIncome": "None", "otherNonOperatingIncome": "33700000", "depreciation": "None", "depreciationAndAmortization": "47400000", "incomeBeforeTax": "399900000", "incomeTaxExpense": "72900000", "interestAndDebtExpense": "None", "netIncomeFromContinuingOperations": "5706300000", "comprehensiveIncomeNetOfTax": "None", "ebit": "399900000", "ebitda": "447300000", "netIncome": "322300000"}, {"fiscalDateEnding": "2016-03-31", "reportedCurrency": "USD", "grossProfit": "1378100000", "totalRevenue": "3036600000", "costOfRevenue": "1658500000", "costofGoodsAndServicesSold": "1658500000", "operatingIncome": "439800000", "sellingGeneralAndAdministrative": "899500000", "researchAndDevelopment": "0", "operatingExpenses": "938300000", "investmentIncomeNet": "None", "netInterestIncome": "None", "interestIncome": "None", "interestExpense": "41800000", "nonInterestIncome": "None", "otherNonOperatingIncome": "136600000", "depreciation": "None", "depreciationAndAmortization": "45800000", "incomeBeforeTax": "439800000", "incomeTaxExpense": "70600000", "interestAndDebtExpense": "None", "netIncomeFromContinuingOperations": "5783700000", "comprehensiveIncomeNetOfTax": "None", "ebit": "439800000", "ebitda": "485600000", "netIncome": "368000000"}, {"fiscalDateEnding": "2015-12-31", "reportedCurrency": "USD", "grossProfit": "1269800000", "totalRevenue": "2807000000", "costOfRevenue": "1537200000", "costofGoodsAndServicesSold": "1537200000", "operatingIncome": "309000000", "sellingGeneralAndAdministrative": "920800000", "researchAndDevelopment": "0", "operatingExpenses": "960800000", "investmentIncomeNet": "None", "netInterestIncome": "None", "interestIncome": "None", "interestExpense": "111400000", "nonInterestIncome": "None", "otherNonOperatingIncome": "-41100000", "depreciation": "None", "depreciationAndAmortization": "43700000", "incomeBeforeTax": "309000000", "incomeTaxExpense": "50700000", "interestAndDebtExpense": "None", "netIncomeFromContinuingOperations": "5239200000", "comprehensiveIncomeNetOfTax": "None", "ebit": "309000000", "ebitda": "352700000", "netIncome": "253600000"}, {"fiscalDateEnding": "2015-09-30", "reportedCurrency": "USD", "grossProfit": "1371300000", "totalRevenue": "3240900000", "costOfRevenue": "1869600000", "costofGoodsAndServicesSold": "1869600000", "operatingIncome": "369200000", "sellingGeneralAndAdministrative": "961400000", "researchAndDevelopment": "0", "operatingExpenses": "1002100000", "investmentIncomeNet": "None", "netInterestIncome": "None", "interestIncome": "None", "interestExpense": "41300000", "nonInterestIncome": "None", "otherNonOperatingIncome": "38400000", "depreciation": "None", "depreciationAndAmortization": "66000000", "incomeBeforeTax": "369200000", "incomeTaxExpense": "68300000", "interestAndDebtExpense": "None", "netIncomeFromContinuingOperations": "6445800000", "comprehensiveIncomeNetOfTax": "None", "ebit": "369200000", "ebitda": "435200000", "netIncome": "300400000"}, {"fiscalDateEnding": "2015-06-30", "reportedCurrency": "USD", "grossProfit": "1204600000", "totalRevenue": "3259200000", "costOfRevenue": "2054600000", "costofGoodsAndServicesSold": "2054600000", "operatingIncome": "294500000", "sellingGeneralAndAdministrative": "869000000", "researchAndDevelopment": "0", "operatingExpenses": "910100000", "investmentIncomeNet": "None", "netInterestIncome": "None", "interestIncome": "None", "interestExpense": "37500000", "nonInterestIncome": "None", "otherNonOperatingIncome": "-114600000", "depreciation": "None", "depreciationAndAmortization": "41700000", "incomeBeforeTax": "294500000", "incomeTaxExpense": "29600000", "interestAndDebtExpense": "None", "netIncomeFromContinuingOperations": "6657800000", "comprehensiveIncomeNetOfTax": "None", "ebit": "294500000", "ebitda": "336200000", "netIncome": "257600000"}, {"fiscalDateEnding": "2015-03-31", "reportedCurrency": "USD", "grossProfit": "1421000000", "totalRevenue": "2657300000", "costOfRevenue": "1236300000", "costofGoodsAndServicesSold": "1236300000", "operatingIncome": "458100000", "sellingGeneralAndAdministrative": "921200000", "researchAndDevelopment": "0", "operatingExpenses": "962900000", "investmentIncomeNet": "None", "netInterestIncome": "None", "interestIncome": "None", "interestExpense": "32600000", "nonInterestIncome": "None", "otherNonOperatingIncome": "66200000", "depreciation": "None", "depreciationAndAmortization": "41600000", "incomeBeforeTax": "458100000", "incomeTaxExpense": "29000000", "interestAndDebtExpense": "None", "netIncomeFromContinuingOperations": "4488800000", "comprehensiveIncomeNetOfTax": "None", "ebit": "458100000", "ebitda": "499700000", "netIncome": "422400000"}, {"fiscalDateEnding": "2014-12-31", "reportedCurrency": "USD", "grossProfit": "1286700000", "totalRevenue": "2908000000", "costOfRevenue": "1621300000", "costofGoodsAndServicesSold": "1621300000", "operatingIncome": "317200000", "sellingGeneralAndAdministrative": "926600000", "researchAndDevelopment": "0", "operatingExpenses": "969500000", "investmentIncomeNet": "None", "netInterestIncome": "None", "interestIncome": "None", "interestExpense": "33000000", "nonInterestIncome": "None", "otherNonOperatingIncome": "14700000", "depreciation": "None", "depreciationAndAmortization": "46700000", "incomeBeforeTax": "317200000", "incomeTaxExpense": "36900000", "interestAndDebtExpense": "None", "netIncomeFromContinuingOperations": "16987900000", "comprehensiveIncomeNetOfTax": "None", "ebit": "317200000", "ebitda": "363900000", "netIncome": "278700000"}, {"fiscalDateEnding": "2014-09-30", "reportedCurrency": "USD", "grossProfit": "1370500000", "totalRevenue": "2484300000", "costOfRevenue": "1113800000", "costofGoodsAndServicesSold": "1113800000", "operatingIncome": "393800000", "sellingGeneralAndAdministrative": "932500000", "researchAndDevelopment": "0", "operatingExpenses": "976700000", "investmentIncomeNet": "None", "netInterestIncome": "None", "interestIncome": "None", "interestExpense": "33000000", "nonInterestIncome": "None", "otherNonOperatingIncome": "None", "depreciation": "None", "depreciationAndAmortization": "41300000", "incomeBeforeTax": "393800000", "incomeTaxExpense": "141000000", "interestAndDebtExpense": "None", "netIncomeFromContinuingOperations": "534800000", "comprehensiveIncomeNetOfTax": "None", "ebit": "393800000", "ebitda": "435100000", "netIncome": "248900000"}, {"fiscalDateEnding": "2014-06-30", "reportedCurrency": "USD", "grossProfit": "1338300000", "totalRevenue": "2606700000", "costOfRevenue": "1268400000", "costofGoodsAndServicesSold": "1268400000", "operatingIncome": "407500000", "sellingGeneralAndAdministrative": "886200000", "researchAndDevelopment": "0", "operatingExpenses": "930800000", "investmentIncomeNet": "None", "netInterestIncome": "None", "interestIncome": "None", "interestExpense": "33100000", "nonInterestIncome": "None", "otherNonOperatingIncome": "None", "depreciation": "None", "depreciationAndAmortization": "41000000", "incomeBeforeTax": "407500000", "incomeTaxExpense": "88300000", "interestAndDebtExpense": "None", "netIncomeFromContinuingOperations": "495800000", "comprehensiveIncomeNetOfTax": "None", "ebit": "407500000", "ebitda": "448500000", "netIncome": "314600000"}, {"fiscalDateEnding": "2014-03-31", "reportedCurrency": "USD", "grossProfit": "1251100000", "totalRevenue": "2478600000", "costOfRevenue": "1227500000", "costofGoodsAndServicesSold": "1227500000", "operatingIncome": "376400000", "sellingGeneralAndAdministrative": "829000000", "researchAndDevelopment": "0", "operatingExpenses": "874700000", "investmentIncomeNet": "None", "netInterestIncome": "None", "interestIncome": "None", "interestExpense": "0", "nonInterestIncome": "None", "otherNonOperatingIncome": "None", "depreciation": "None", "depreciationAndAmortization": "40500000", "incomeBeforeTax": "376400000", "incomeTaxExpense": "52300000", "interestAndDebtExpense": "None", "netIncomeFromContinuingOperations": "428700000", "comprehensiveIncomeNetOfTax": "None", "ebit": "376400000", "ebitda": "416900000", "netIncome": "301900000"}, {"fiscalDateEnding": "2013-12-31", "reportedCurrency": "USD", "grossProfit": "1275400000", "totalRevenue": "2672600000", "costOfRevenue": "1397200000", "costofGoodsAndServicesSold": "1397200000", "operatingIncome": "309900000", "sellingGeneralAndAdministrative": "920800000", "researchAndDevelopment": "0", "operatingExpenses": "965500000", "investmentIncomeNet": "None", "netInterestIncome": "None", "interestIncome": "None", "interestExpense": "35400000", "nonInterestIncome": "None", "otherNonOperatingIncome": "None", "depreciation": "None", "depreciationAndAmortization": "39400000", "incomeBeforeTax": "309900000", "incomeTaxExpense": "59500000", "interestAndDebtExpense": "None", "netIncomeFromContinuingOperations": "250400000", "comprehensiveIncomeNetOfTax": "None", "ebit": "309900000", "ebitda": "349300000", "netIncome": "241700000"}, {"fiscalDateEnding": "2013-09-30", "reportedCurrency": "USD", "grossProfit": "1143400000", "totalRevenue": "2239600000", "costOfRevenue": "1096200000", "costofGoodsAndServicesSold": "1096200000", "operatingIncome": "320300000", "sellingGeneralAndAdministrative": "774600000", "researchAndDevelopment": "0", "operatingExpenses": "823100000", "investmentIncomeNet": "None", "netInterestIncome": "None", "interestIncome": "None", "interestExpense": "34900000", "nonInterestIncome": "None", "otherNonOperatingIncome": "None", "depreciation": "None", "depreciationAndAmortization": "39300000", "incomeBeforeTax": "320300000", "incomeTaxExpense": "61200000", "interestAndDebtExpense": "None", "netIncomeFromContinuingOperations": "259100000", "comprehensiveIncomeNetOfTax": "None", "ebit": "320300000", "ebitda": "359600000", "netIncome": "253900000"}, {"fiscalDateEnding": "2013-06-30", "reportedCurrency": "USD", "grossProfit": "1114900000", "totalRevenue": "2210600000", "costOfRevenue": "1095700000", "costofGoodsAndServicesSold": "1095700000", "operatingIncome": "265600000", "sellingGeneralAndAdministrative": "801800000", "researchAndDevelopment": "0", "operatingExpenses": "849300000", "investmentIncomeNet": "None", "netInterestIncome": "None", "interestIncome": "None", "interestExpense": "36100000", "nonInterestIncome": "None", "otherNonOperatingIncome": "None", "depreciation": "None", "depreciationAndAmortization": "40300000", "incomeBeforeTax": "265600000", "incomeTaxExpense": "29000000", "interestAndDebtExpense": "None", "netIncomeFromContinuingOperations": "236600000", "comprehensiveIncomeNetOfTax": "None", "ebit": "265600000", "ebitda": "305900000", "netIncome": "230600000"}, {"fiscalDateEnding": "2013-03-31", "reportedCurrency": "USD", "grossProfit": "1072200000", "totalRevenue": "2166700000", "costOfRevenue": "1094500000", "costofGoodsAndServicesSold": "1094500000", "operatingIncome": "228200000", "sellingGeneralAndAdministrative": "795700000", "researchAndDevelopment": "0", "operatingExpenses": "844000000", "investmentIncomeNet": "None", "netInterestIncome": "None", "interestIncome": "None", "interestExpense": "36000000", "nonInterestIncome": "None", "otherNonOperatingIncome": "None", "depreciation": "None", "depreciationAndAmortization": "34900000", "incomeBeforeTax": "228200000", "incomeTaxExpense": "38200000", "interestAndDebtExpense": "None", "netIncomeFromContinuingOperations": "190000000", "comprehensiveIncomeNetOfTax": "None", "ebit": "228200000", "ebitda": "263100000", "netIncome": "186500000"}, {"fiscalDateEnding": "2012-12-31", "reportedCurrency": "USD", "grossProfit": "1141500000", "totalRevenue": "2295900000", "costOfRevenue": "1154400000", "costofGoodsAndServicesSold": "1154400000", "operatingIncome": "265900000", "sellingGeneralAndAdministrative": "1632300000", "researchAndDevelopment": "0", "operatingExpenses": "875600000", "investmentIncomeNet": "None", "netInterestIncome": "None", "interestIncome": "None", "interestExpense": "39900000", "nonInterestIncome": "None", "otherNonOperatingIncome": "None", "depreciation": "None", "depreciationAndAmortization": "32100000", "incomeBeforeTax": "265900000", "incomeTaxExpense": "35500000", "interestAndDebtExpense": "None", "netIncomeFromContinuingOperations": "0", "comprehensiveIncomeNetOfTax": "None", "ebit": "265900000", "ebitda": "298000000", "netIncome": "226900000"}, {"fiscalDateEnding": "2012-09-30", "reportedCurrency": "USD", "grossProfit": "1057700000", "totalRevenue": "2704700000", "costOfRevenue": "1647000000", "costofGoodsAndServicesSold": "1647000000", "operatingIncome": "191600000", "sellingGeneralAndAdministrative": "816400000", "researchAndDevelopment": "0", "operatingExpenses": "866100000", "investmentIncomeNet": "None", "netInterestIncome": "None", "interestIncome": "None", "interestExpense": "31200000", "nonInterestIncome": "None", "otherNonOperatingIncome": "None", "depreciation": "None", "depreciationAndAmortization": "32900000", "incomeBeforeTax": "191600000", "incomeTaxExpense": "-7200000", "interestAndDebtExpense": "None", "netIncomeFromContinuingOperations": "0", "comprehensiveIncomeNetOfTax": "None", "ebit": "191600000", "ebitda": "224500000", "netIncome": "195400000"}, {"fiscalDateEnding": "2012-06-30", "reportedCurrency": "USD", "grossProfit": "1008600000", "totalRevenue": "2118600000", "costOfRevenue": "1110000000", "costofGoodsAndServicesSold": "1110000000", "operatingIncome": "229500000", "sellingGeneralAndAdministrative": "729600000", "researchAndDevelopment": "0", "operatingExpenses": "779100000", "investmentIncomeNet": "None", "netInterestIncome": "None", "interestIncome": "None", "interestExpense": "1300000", "nonInterestIncome": "None", "otherNonOperatingIncome": "None", "depreciation": "None", "depreciationAndAmortization": "33400000", "incomeBeforeTax": "229500000", "incomeTaxExpense": "50900000", "interestAndDebtExpense": "None", "netIncomeFromContinuingOperations": "0", "comprehensiveIncomeNetOfTax": "None", "ebit": "236300000", "ebitda": "269700000", "netIncome": "175900000"}, {"fiscalDateEnding": "2012-03-31", "reportedCurrency": "USD", "grossProfit": "883400000", "totalRevenue": "2095900000", "costOfRevenue": "1212500000", "costofGoodsAndServicesSold": "1212500000", "operatingIncome": "278000000", "sellingGeneralAndAdministrative": "555100000", "researchAndDevelopment": "0", "operatingExpenses": "605400000", "investmentIncomeNet": "None", "netInterestIncome": "None", "interestIncome": "None", "interestExpense": "31100000", "nonInterestIncome": "None", "otherNonOperatingIncome": "None", "depreciation": "None", "depreciationAndAmortization": "32800000", "incomeBeforeTax": "278000000", "incomeTaxExpense": "56700000", "interestAndDebtExpense": "None", "netIncomeFromContinuingOperations": "0", "comprehensiveIncomeNetOfTax": "None", "ebit": "278000000", "ebitda": "310800000", "netIncome": "212100000"}, {"fiscalDateEnding": "2011-12-31", "reportedCurrency": "USD", "grossProfit": "941900000", "totalRevenue": "2059000000", "costOfRevenue": "1117100000", "costofGoodsAndServicesSold": "1117100000", "operatingIncome": "193600000", "sellingGeneralAndAdministrative": "0", "researchAndDevelopment": "0", "operatingExpenses": "748300000", "investmentIncomeNet": "None", "netInterestIncome": "None", "interestIncome": "None", "interestExpense": "1600000", "nonInterestIncome": "None", "otherNonOperatingIncome": "None", "depreciation": "None", "depreciationAndAmortization": "28400000", "incomeBeforeTax": "193600000", "incomeTaxExpense": "21700000", "interestAndDebtExpense": "None", "netIncomeFromContinuingOperations": "0", "comprehensiveIncomeNetOfTax": "None", "ebit": "193600000", "ebitda": "222000000", "netIncome": "172300000"}, {"fiscalDateEnding": "2011-09-30", "reportedCurrency": "USD", "grossProfit": "978700000", "totalRevenue": "2093600000", "costOfRevenue": "1114900000", "costofGoodsAndServicesSold": "1114900000", "operatingIncome": "151100000", "sellingGeneralAndAdministrative": "0", "researchAndDevelopment": "0", "operatingExpenses": "827600000", "investmentIncomeNet": "None", "netInterestIncome": "None", "interestIncome": "None", "interestExpense": "1600000", "nonInterestIncome": "None", "otherNonOperatingIncome": "None", "depreciation": "None", "depreciationAndAmortization": "28100000", "incomeBeforeTax": "151100000", "incomeTaxExpense": "76600000", "interestAndDebtExpense": "None", "netIncomeFromContinuingOperations": "66300000", "comprehensiveIncomeNetOfTax": "None", "ebit": "139800000", "ebitda": "167900000", "netIncome": "80100000"}, {"fiscalDateEnding": "2011-06-30", "reportedCurrency": "USD", "grossProfit": "1102500000", "totalRevenue": "2296400000", "costOfRevenue": "1193900000", "costofGoodsAndServicesSold": "1193900000", "operatingIncome": "310200000", "sellingGeneralAndAdministrative": "0", "researchAndDevelopment": "0", "operatingExpenses": "792300000", "investmentIncomeNet": "None", "netInterestIncome": "None", "interestIncome": "None", "interestExpense": "1700000", "nonInterestIncome": "None", "otherNonOperatingIncome": "None", "depreciation": "None", "depreciationAndAmortization": "27900000", "incomeBeforeTax": "310200000", "incomeTaxExpense": "61000000", "interestAndDebtExpense": "None", "netIncomeFromContinuingOperations": "289900000", "comprehensiveIncomeNetOfTax": "None", "ebit": "311900000", "ebitda": "339800000", "netIncome": "225600000"}, {"fiscalDateEnding": "2011-03-31", "reportedCurrency": "USD", "grossProfit": "1033000000", "totalRevenue": "2221900000", "costOfRevenue": "1188900000", "costofGoodsAndServicesSold": "1188900000", "operatingIncome": "261500000", "sellingGeneralAndAdministrative": "717900000", "researchAndDevelopment": "0", "operatingExpenses": "771500000", "investmentIncomeNet": "None", "netInterestIncome": "None", "interestIncome": "None", "interestExpense": "0", "nonInterestIncome": "None", "otherNonOperatingIncome": "None", "depreciation": "None", "depreciationAndAmortization": "31400000", "incomeBeforeTax": "261500000", "incomeTaxExpense": "52700000", "interestAndDebtExpense": "None", "netIncomeFromContinuingOperations": "223100000", "comprehensiveIncomeNetOfTax": "None", "ebit": "261500000", "ebitda": "292900000", "netIncome": "190200000"}, {"fiscalDateEnding": "2010-12-31", "reportedCurrency": "USD", "grossProfit": "966700000", "totalRevenue": "2372500000", "costOfRevenue": "1405800000", "costofGoodsAndServicesSold": "1405800000", "operatingIncome": "263700000", "sellingGeneralAndAdministrative": "1542300000", "researchAndDevelopment": "0", "operatingExpenses": "703000000", "investmentIncomeNet": "None", "netInterestIncome": "None", "interestIncome": "None", "interestExpense": "30100000", "nonInterestIncome": "None", "otherNonOperatingIncome": "None", "depreciation": "None", "depreciationAndAmortization": "-178100000", "incomeBeforeTax": "263700000", "incomeTaxExpense": "45600000", "interestAndDebtExpense": "None", "netIncomeFromContinuingOperations": "0", "comprehensiveIncomeNetOfTax": "None", "ebit": "263700000", "ebitda": "85600000", "netIncome": "207600000"}, {"fiscalDateEnding": "2010-09-30", "reportedCurrency": "USD", "grossProfit": "968200000", "totalRevenue": "2288500000", "costOfRevenue": "1320300000", "costofGoodsAndServicesSold": "1320300000", "operatingIncome": "163500000", "sellingGeneralAndAdministrative": "1542300000", "researchAndDevelopment": "0", "operatingExpenses": "804700000", "investmentIncomeNet": "None", "netInterestIncome": "None", "interestIncome": "None", "interestExpense": "2200000", "nonInterestIncome": "None", "otherNonOperatingIncome": "None", "depreciation": "None", "depreciationAndAmortization": "71900000", "incomeBeforeTax": "163500000", "incomeTaxExpense": "12200000", "interestAndDebtExpense": "None", "netIncomeFromContinuingOperations": "0", "comprehensiveIncomeNetOfTax": "None", "ebit": "165700000", "ebitda": "237600000", "netIncome": "150400000"}, {"fiscalDateEnding": "2010-06-30", "reportedCurrency": "USD", "grossProfit": "896600000", "totalRevenue": "2233600000", "costOfRevenue": "1337000000", "costofGoodsAndServicesSold": "1337000000", "operatingIncome": "157800000", "sellingGeneralAndAdministrative": "0", "researchAndDevelopment": "0", "operatingExpenses": "738800000", "investmentIncomeNet": "None", "netInterestIncome": "None", "interestIncome": "None", "interestExpense": "0", "nonInterestIncome": "None", "otherNonOperatingIncome": "None", "depreciation": "None", "depreciationAndAmortization": "29400000", "incomeBeforeTax": "157800000", "incomeTaxExpense": "13600000", "interestAndDebtExpense": "None", "netIncomeFromContinuingOperations": "0", "comprehensiveIncomeNetOfTax": "None", "ebit": "157800000", "ebitda": "187200000", "netIncome": "142300000"}, {"fiscalDateEnding": "2010-03-31", "reportedCurrency": "USD", "grossProfit": "988700000", "totalRevenue": "2264000000", "costOfRevenue": "1275300000", "costofGoodsAndServicesSold": "1275300000", "operatingIncome": "256300000", "sellingGeneralAndAdministrative": "0", "researchAndDevelopment": "0", "operatingExpenses": "732400000", "investmentIncomeNet": "None", "netInterestIncome": "None", "interestIncome": "None", "interestExpense": "0", "nonInterestIncome": "None", "otherNonOperatingIncome": "None", "depreciation": "None", "depreciationAndAmortization": "29900000", "incomeBeforeTax": "256300000", "incomeTaxExpense": "52700000", "interestAndDebtExpense": "None", "netIncomeFromContinuingOperations": "0", "comprehensiveIncomeNetOfTax": "None", "ebit": "256300000", "ebitda": "286200000", "netIncome": "199000000"}, {"fiscalDateEnding": "2009-12-31", "reportedCurrency": "USD", "grossProfit": "855900000", "totalRevenue": "2232400000", "costOfRevenue": "1376500000", "costofGoodsAndServicesSold": "1376500000", "operatingIncome": "169500000", "sellingGeneralAndAdministrative": "0", "researchAndDevelopment": "0", "operatingExpenses": "686400000", "investmentIncomeNet": "None", "netInterestIncome": "None", "interestIncome": "None", "interestExpense": "0", "nonInterestIncome": "None", "otherNonOperatingIncome": "None", "depreciation": "None", "depreciationAndAmortization": "-36300000", "incomeBeforeTax": "169500000", "incomeTaxExpense": "14600000", "interestAndDebtExpense": "None", "netIncomeFromContinuingOperations": "0", "comprehensiveIncomeNetOfTax": "None", "ebit": "169500000", "ebitda": "133200000", "netIncome": "150200000"}, {"fiscalDateEnding": "2009-09-30", "reportedCurrency": "USD", "grossProfit": "953200000", "totalRevenue": "2270300000", "costOfRevenue": "1317100000", "costofGoodsAndServicesSold": "1317100000", "operatingIncome": "248300000", "sellingGeneralAndAdministrative": "0", "researchAndDevelopment": "0", "operatingExpenses": "704900000", "investmentIncomeNet": "None", "netInterestIncome": "None", "interestIncome": "None", "interestExpense": "0", "nonInterestIncome": "None", "otherNonOperatingIncome": "None", "depreciation": "None", "depreciationAndAmortization": "69800000", "incomeBeforeTax": "248300000", "incomeTaxExpense": "44100000", "interestAndDebtExpense": "None", "netIncomeFromContinuingOperations": "0", "comprehensiveIncomeNetOfTax": "None", "ebit": "248300000", "ebitda": "318100000", "netIncome": "192900000"}, {"fiscalDateEnding": "2009-06-30", "reportedCurrency": "USD", "grossProfit": "260800000", "totalRevenue": "2157800000", "costOfRevenue": "1897000000", "costofGoodsAndServicesSold": "1897000000", "operatingIncome": "197900000", "sellingGeneralAndAdministrative": "0", "researchAndDevelopment": "0", "operatingExpenses": "62900000", "investmentIncomeNet": "None", "netInterestIncome": "None", "interestIncome": "None", "interestExpense": "0", "nonInterestIncome": "None", "otherNonOperatingIncome": "None", "depreciation": "None", "depreciationAndAmortization": "-13400000", "incomeBeforeTax": "197900000", "incomeTaxExpense": "33900000", "interestAndDebtExpense": "None", "netIncomeFromContinuingOperations": "0", "comprehensiveIncomeNetOfTax": "None", "ebit": "197900000", "ebitda": "184500000", "netIncome": "158600000"}, {"fiscalDateEnding": "2009-03-31", "reportedCurrency": "USD", "grossProfit": "193600000", "totalRevenue": "2188600000", "costOfRevenue": "1995000000", "costofGoodsAndServicesSold": "1995000000", "operatingIncome": "130100000", "sellingGeneralAndAdministrative": "0", "researchAndDevelopment": "0", "operatingExpenses": "63500000", "investmentIncomeNet": "None", "netInterestIncome": "None", "interestIncome": "None", "interestExpense": "0", "nonInterestIncome": "None", "otherNonOperatingIncome": "None", "depreciation": "None", "depreciationAndAmortization": "118400000", "incomeBeforeTax": "130100000", "incomeTaxExpense": "7500000", "interestAndDebtExpense": "None", "netIncomeFromContinuingOperations": "0", "comprehensiveIncomeNetOfTax": "None", "ebit": "130100000", "ebitda": "248500000", "netIncome": "121000000"}, {"fiscalDateEnding": "2008-12-31", "reportedCurrency": "USD", "grossProfit": "762500000", "totalRevenue": "2279200000", "costOfRevenue": "1516700000", "costofGoodsAndServicesSold": "1516700000", "operatingIncome": "-60500000", "sellingGeneralAndAdministrative": "0", "researchAndDevelopment": "0", "operatingExpenses": "823000000", "investmentIncomeNet": "None", "netInterestIncome": "None", "interestIncome": "None", "interestExpense": "0", "nonInterestIncome": "None", "otherNonOperatingIncome": "None", "depreciation": "None", "depreciationAndAmortization": "-173000000", "incomeBeforeTax": "-60500000", "incomeTaxExpense": "-61300000", "interestAndDebtExpense": "None", "netIncomeFromContinuingOperations": "0", "comprehensiveIncomeNetOfTax": "None", "ebit": "-60500000", "ebitda": "-233500000", "netIncome": "800000"}, {"fiscalDateEnding": "2008-09-30", "reportedCurrency": "USD", "grossProfit": "900600000", "totalRevenue": "2497800000", "costOfRevenue": "1597200000", "costofGoodsAndServicesSold": "1597200000", "operatingIncome": "106500000", "sellingGeneralAndAdministrative": "0", "researchAndDevelopment": "0", "operatingExpenses": "794100000", "investmentIncomeNet": "None", "netInterestIncome": "None", "interestIncome": "None", "interestExpense": "0", "nonInterestIncome": "None", "otherNonOperatingIncome": "None", "depreciation": "None", "depreciationAndAmortization": "121800000", "incomeBeforeTax": "106500000", "incomeTaxExpense": "-2200000", "interestAndDebtExpense": "None", "netIncomeFromContinuingOperations": "0", "comprehensiveIncomeNetOfTax": "None", "ebit": "106500000", "ebitda": "228300000", "netIncome": "98300000"}, {"fiscalDateEnding": "2008-06-30", "reportedCurrency": "USD", "grossProfit": "281500000", "totalRevenue": "2658100000", "costOfRevenue": "2376600000", "costofGoodsAndServicesSold": "2376600000", "operatingIncome": "212500000", "sellingGeneralAndAdministrative": "0", "researchAndDevelopment": "0", "operatingExpenses": "69000000", "investmentIncomeNet": "None", "netInterestIncome": "None", "interestIncome": "None", "interestExpense": "0", "nonInterestIncome": "None", "otherNonOperatingIncome": "None", "depreciation": "None", "depreciationAndAmortization": "93100000", "incomeBeforeTax": "212500000", "incomeTaxExpense": "29400000", "interestAndDebtExpense": "None", "netIncomeFromContinuingOperations": "0", "comprehensiveIncomeNetOfTax": "None", "ebit": "212500000", "ebitda": "305600000", "netIncome": "176600000"}, {"fiscalDateEnding": "2008-03-31", "reportedCurrency": "USD", "grossProfit": "278000000", "totalRevenue": "2500700000", "costOfRevenue": "2222700000", "costofGoodsAndServicesSold": "2222700000", "operatingIncome": "207200000", "sellingGeneralAndAdministrative": "0", "researchAndDevelopment": "0", "operatingExpenses": "70800000", "investmentIncomeNet": "None", "netInterestIncome": "None", "interestIncome": "None", "interestExpense": "0", "nonInterestIncome": "None", "otherNonOperatingIncome": "None", "depreciation": "None", "depreciationAndAmortization": "103100000", "incomeBeforeTax": "207200000", "incomeTaxExpense": "29600000", "interestAndDebtExpense": "None", "netIncomeFromContinuingOperations": "0", "comprehensiveIncomeNetOfTax": "None", "ebit": "207200000", "ebitda": "310300000", "netIncome": "182400000"}, {"fiscalDateEnding": "2007-12-31", "reportedCurrency": "USD", "grossProfit": "855100000", "totalRevenue": "2564500000", "costOfRevenue": "1709400000", "costofGoodsAndServicesSold": "1709400000", "operatingIncome": "-30000000", "sellingGeneralAndAdministrative": "0", "researchAndDevelopment": "0", "operatingExpenses": "885100000", "investmentIncomeNet": "None", "netInterestIncome": "None", "interestIncome": "None", "interestExpense": "0", "nonInterestIncome": "None", "otherNonOperatingIncome": "None", "depreciation": "None", "depreciationAndAmortization": "107000000", "incomeBeforeTax": "-30000000", "incomeTaxExpense": "-52200000", "interestAndDebtExpense": "None", "netIncomeFromContinuingOperations": "0", "comprehensiveIncomeNetOfTax": "None", "ebit": "-30000000", "ebitda": "77000000", "netIncome": "42400000"}, {"fiscalDateEnding": "2007-09-30", "reportedCurrency": "USD", "grossProfit": "1206400000", "totalRevenue": "2849600000", "costOfRevenue": "1643200000", "costofGoodsAndServicesSold": "1643200000", "operatingIncome": "331600000", "sellingGeneralAndAdministrative": "0", "researchAndDevelopment": "0", "operatingExpenses": "874800000", "investmentIncomeNet": "None", "netInterestIncome": "None", "interestIncome": "None", "interestExpense": "0", "nonInterestIncome": "None", "otherNonOperatingIncome": "None", "depreciation": "None", "depreciationAndAmortization": "162500000", "incomeBeforeTax": "331600000", "incomeTaxExpense": "90900000", "interestAndDebtExpense": "None", "netIncomeFromContinuingOperations": "0", "comprehensiveIncomeNetOfTax": "None", "ebit": "331600000", "ebitda": "494100000", "netIncome": "240500000"}, {"fiscalDateEnding": "2007-06-30", "reportedCurrency": "USD", "grossProfit": "1247100000", "totalRevenue": "2831800000", "costOfRevenue": "1584700000", "costofGoodsAndServicesSold": "1584700000", "operatingIncome": "412700000", "sellingGeneralAndAdministrative": "0", "researchAndDevelopment": "0", "operatingExpenses": "834400000", "investmentIncomeNet": "None", "netInterestIncome": "None", "interestIncome": "None", "interestExpense": "0", "nonInterestIncome": "None", "otherNonOperatingIncome": "None", "depreciation": "None", "depreciationAndAmortization": "103500000", "incomeBeforeTax": "412700000", "incomeTaxExpense": "100400000", "interestAndDebtExpense": "None", "netIncomeFromContinuingOperations": "0", "comprehensiveIncomeNetOfTax": "None", "ebit": "412700000", "ebitda": "516200000", "netIncome": "312100000"}, {"fiscalDateEnding": "2007-03-31", "reportedCurrency": "USD", "grossProfit": "1163000000", "totalRevenue": "2661000000", "costOfRevenue": "1498000000", "costofGoodsAndServicesSold": "1498000000", "operatingIncome": "334300000", "sellingGeneralAndAdministrative": "0", "researchAndDevelopment": "0", "operatingExpenses": "828700000", "investmentIncomeNet": "None", "netInterestIncome": "None", "interestIncome": "None", "interestExpense": "0", "nonInterestIncome": "None", "otherNonOperatingIncome": "None", "depreciation": "None", "depreciationAndAmortization": "112400000", "incomeBeforeTax": "334300000", "incomeTaxExpense": "69000000", "interestAndDebtExpense": "None", "netIncomeFromContinuingOperations": "0", "comprehensiveIncomeNetOfTax": "None", "ebit": "334300000", "ebitda": "446700000", "netIncome": "265300000"}, {"fiscalDateEnding": "2006-12-31", "reportedCurrency": "USD", "grossProfit": "1053400000", "totalRevenue": "2591500000", "costOfRevenue": "1538100000", "costofGoodsAndServicesSold": "1538100000", "operatingIncome": "327100000", "sellingGeneralAndAdministrative": "0", "researchAndDevelopment": "0", "operatingExpenses": "726300000", "investmentIncomeNet": "None", "netInterestIncome": "None", "interestIncome": "None", "interestExpense": "0", "nonInterestIncome": "None", "otherNonOperatingIncome": "None", "depreciation": "None", "depreciationAndAmortization": "77700000", "incomeBeforeTax": "327100000", "incomeTaxExpense": "65300000", "interestAndDebtExpense": "None", "netIncomeFromContinuingOperations": "0", "comprehensiveIncomeNetOfTax": "None", "ebit": "327100000", "ebitda": "404800000", "netIncome": "292400000"}, {"fiscalDateEnding": "2006-09-30", "reportedCurrency": "USD", "grossProfit": "1023400000", "totalRevenue": "2449600000", "costOfRevenue": "1426200000", "costofGoodsAndServicesSold": "1426200000", "operatingIncome": "330900000", "sellingGeneralAndAdministrative": "0", "researchAndDevelopment": "0", "operatingExpenses": "692500000", "investmentIncomeNet": "None", "netInterestIncome": "None", "interestIncome": "None", "interestExpense": "0", "nonInterestIncome": "None", "otherNonOperatingIncome": "None", "depreciation": "None", "depreciationAndAmortization": "80500000", "incomeBeforeTax": "330900000", "incomeTaxExpense": "72100000", "interestAndDebtExpense": "None", "netIncomeFromContinuingOperations": "0", "comprehensiveIncomeNetOfTax": "None", "ebit": "330900000", "ebitda": "411400000", "netIncome": "259200000"}, {"fiscalDateEnding": "2006-06-30", "reportedCurrency": "USD", "grossProfit": "1000200000", "totalRevenue": "2459800000", "costOfRevenue": "1459600000", "costofGoodsAndServicesSold": "1459600000", "operatingIncome": "296600000", "sellingGeneralAndAdministrative": "0", "researchAndDevelopment": "0", "operatingExpenses": "703600000", "investmentIncomeNet": "None", "netInterestIncome": "None", "interestIncome": "None", "interestExpense": "0", "nonInterestIncome": "None", "otherNonOperatingIncome": "None", "depreciation": "None", "depreciationAndAmortization": "89900000", "incomeBeforeTax": "296600000", "incomeTaxExpense": "77700000", "interestAndDebtExpense": "None", "netIncomeFromContinuingOperations": "0", "comprehensiveIncomeNetOfTax": "None", "ebit": "296600000", "ebitda": "386500000", "netIncome": "218800000"}, {"fiscalDateEnding": "2006-03-31", "reportedCurrency": "USD", "grossProfit": "1060400000", "totalRevenue": "2402200000", "costOfRevenue": "1341800000", "costofGoodsAndServicesSold": "1341800000", "operatingIncome": "373300000", "sellingGeneralAndAdministrative": "0", "researchAndDevelopment": "0", "operatingExpenses": "687100000", "investmentIncomeNet": "None", "netInterestIncome": "None", "interestIncome": "None", "interestExpense": "0", "nonInterestIncome": "None", "otherNonOperatingIncome": "None", "depreciation": "None", "depreciationAndAmortization": "94100000", "incomeBeforeTax": "373300000", "incomeTaxExpense": "79600000", "interestAndDebtExpense": "None", "netIncomeFromContinuingOperations": "0", "comprehensiveIncomeNetOfTax": "None", "ebit": "373300000", "ebitda": "467400000", "netIncome": "293900000"}, {"fiscalDateEnding": "2005-12-31", "reportedCurrency": "USD", "grossProfit": "1161400000", "totalRevenue": "2445200000", "costOfRevenue": "1283800000", "costofGoodsAndServicesSold": "1283800000", "operatingIncome": "275400000", "sellingGeneralAndAdministrative": "0", "researchAndDevelopment": "0", "operatingExpenses": "886000000", "investmentIncomeNet": "None", "netInterestIncome": "None", "interestIncome": "None", "interestExpense": "0", "nonInterestIncome": "None", "otherNonOperatingIncome": "None", "depreciation": "None", "depreciationAndAmortization": "-151500000", "incomeBeforeTax": "275400000", "incomeTaxExpense": "31300000", "interestAndDebtExpense": "None", "netIncomeFromContinuingOperations": "0", "comprehensiveIncomeNetOfTax": "None", "ebit": "275400000", "ebitda": "123900000", "netIncome": "255200000"}]}