{"symbol": "AIZ", "annualReports": [{"fiscalDateEnding": "2025-12-31", "reportedCurrency": "USD", "grossProfit": "None", "totalRevenue": "12814300000", "costOfRevenue": "None", "costofGoodsAndServicesSold": "None", "operatingIncome": "1197100000", "sellingGeneralAndAdministrative": "8688100000", "researchAndDevelopment": "None", "operatingExpenses": "11617200000", "investmentIncomeNet": "None", "netInterestIncome": "None", "interestIncome": "109700000", "interestExpense": "None", "nonInterestIncome": "None", "otherNonOperatingIncome": "None", "depreciation": "None", "depreciationAndAmortization": "None", "incomeBeforeTax": "1087400000", "incomeTaxExpense": "None", "interestAndDebtExpense": "None", "netIncomeFromContinuingOperations": "None", "comprehensiveIncomeNetOfTax": "None", "ebit": "None", "ebitda": "None", "netIncome": "872700000"}, {"fiscalDateEnding": "2024-12-31", "reportedCurrency": "USD", "grossProfit": "9111000000", "totalRevenue": "11877500000", "costOfRevenue": "2766500000", "costofGoodsAndServicesSold": "2766500000", "operatingIncome": "927300000", "sellingGeneralAndAdministrative": "8076700000", "researchAndDevelopment": "None", "operatingExpenses": "8183700000", "investmentIncomeNet": "None", "netInterestIncome": "-107000000", "interestIncome": "107000000", "interestExpense": "107000000", "nonInterestIncome": "None", "otherNonOperatingIncome": "None", "depreciation": "None", "depreciationAndAmortization": "223500000", "incomeBeforeTax": "927300000", "incomeTaxExpense": "167100000", "interestAndDebtExpense": "None", "netIncomeFromContinuingOperations": "760200000", "comprehensiveIncomeNetOfTax": "None", "ebit": "1034300000", "ebitda": "1257800000", "netIncome": "760200000"}, {"fiscalDateEnding": "2023-12-31", "reportedCurrency": "USD", "grossProfit": "8609800000", "totalRevenue": "11131600000", "costOfRevenue": "2521800000", "costofGoodsAndServicesSold": "2521800000", "operatingIncome": "806800000", "sellingGeneralAndAdministrative": "7695100000", "researchAndDevelopment": "None", "operatingExpenses": "7803000000", "investmentIncomeNet": "None", "netInterestIncome": "-108000000", "interestIncome": "108000000", "interestExpense": "108000000", "nonInterestIncome": "None", "otherNonOperatingIncome": "None", "depreciation": "None", "depreciationAndAmortization": "196400000", "incomeBeforeTax": "806800000", "incomeTaxExpense": "164300000", "interestAndDebtExpense": "None", "netIncomeFromContinuingOperations": "642500000", "comprehensiveIncomeNetOfTax": "None", "ebit": "914800000", "ebitda": "1111200000", "netIncome": "642500000"}, {"fiscalDateEnding": "2022-12-31", "reportedCurrency": "USD", "grossProfit": "7833200000", "totalRevenue": "10193000000", "costOfRevenue": "2359800000", "costofGoodsAndServicesSold": "2359800000", "operatingIncome": "349900000", "sellingGeneralAndAdministrative": "7366300000", "researchAndDevelopment": "None", "operatingExpenses": "7483300000", "investmentIncomeNet": "None", "netInterestIncome": "-108300000", "interestIncome": "108300000", "interestExpense": "108300000", "nonInterestIncome": "None", "otherNonOperatingIncome": "-179700000", "depreciation": "None", "depreciationAndAmortization": "182000000", "incomeBeforeTax": "349900000", "incomeTaxExpense": "73300000", "interestAndDebtExpense": "None", "netIncomeFromContinuingOperations": "276600000", "comprehensiveIncomeNetOfTax": "None", "ebit": "458200000", "ebitda": "640200000", "netIncome": "276600000"}, {"fiscalDateEnding": "2021-12-31", "reportedCurrency": "USD", "grossProfit": "4149900000", "totalRevenue": "10187600000", "costOfRevenue": "6037700000", "costofGoodsAndServicesSold": "6037700000", "operatingIncome": "771300000", "sellingGeneralAndAdministrative": "3240600000", "researchAndDevelopment": "None", "operatingExpenses": "3378600000", "investmentIncomeNet": "None", "netInterestIncome": "-111800000", "interestIncome": "111800000", "interestExpense": "111800000", "nonInterestIncome": "None", "otherNonOperatingIncome": "128200000", "depreciation": "None", "depreciationAndAmortization": "171600000", "incomeBeforeTax": "771300000", "incomeTaxExpense": "168400000", "interestAndDebtExpense": "None", "netIncomeFromContinuingOperations": "613500000", "comprehensiveIncomeNetOfTax": "None", "ebit": "883100000", "ebitda": "1054700000", "netIncome": "1361800000"}, {"fiscalDateEnding": "2020-12-31", "reportedCurrency": "USD", "grossProfit": "3663300000", "totalRevenue": "9610500000", "costOfRevenue": "5947200000", "costofGoodsAndServicesSold": "5947200000", "operatingIncome": "578100000", "sellingGeneralAndAdministrative": "3110000000", "researchAndDevelopment": "None", "operatingExpenses": "3085200000", "investmentIncomeNet": "None", "netInterestIncome": "-104500000", "interestIncome": "110400000", "interestExpense": "104500000", "nonInterestIncome": "None", "otherNonOperatingIncome": "None", "depreciation": "None", "depreciationAndAmortization": "142300000", "incomeBeforeTax": "578100000", "incomeTaxExpense": "58700000", "interestAndDebtExpense": "None", "netIncomeFromContinuingOperations": "442700000", "comprehensiveIncomeNetOfTax": "None", "ebit": "682600000", "ebitda": "824900000", "netIncome": "440800000"}, {"fiscalDateEnding": "2019-12-31", "reportedCurrency": "USD", "grossProfit": "3906900000", "totalRevenue": "9529800000", "costOfRevenue": "5622900000", "costofGoodsAndServicesSold": "5622900000", "operatingIncome": "454700000", "sellingGeneralAndAdministrative": "3250500000", "researchAndDevelopment": "None", "operatingExpenses": "3452200000", "investmentIncomeNet": "None", "netInterestIncome": "-110600000", "interestIncome": "273600000", "interestExpense": "110600000", "nonInterestIncome": "None", "otherNonOperatingIncome": "None", "depreciation": "None", "depreciationAndAmortization": "125500000", "incomeBeforeTax": "454700000", "incomeTaxExpense": "148300000", "interestAndDebtExpense": "None", "netIncomeFromContinuingOperations": "386800000", "comprehensiveIncomeNetOfTax": "None", "ebit": "565300000", "ebitda": "690800000", "netIncome": "382600000"}, {"fiscalDateEnding": "2018-12-31", "reportedCurrency": "USD", "grossProfit": "3357300000", "totalRevenue": "8000700000", "costOfRevenue": "4643400000", "costofGoodsAndServicesSold": "4643400000", "operatingIncome": "333500000", "sellingGeneralAndAdministrative": "5281200000", "researchAndDevelopment": "None", "operatingExpenses": "3023800000", "investmentIncomeNet": "None", "netInterestIncome": "-100300000", "interestIncome": "100300000", "interestExpense": "100300000", "nonInterestIncome": "None", "otherNonOperatingIncome": "None", "depreciation": "None", "depreciationAndAmortization": "126900000", "incomeBeforeTax": "333500000", "incomeTaxExpense": "80900000", "interestAndDebtExpense": "None", "netIncomeFromContinuingOperations": "252600000", "comprehensiveIncomeNetOfTax": "None", "ebit": "433800000", "ebitda": "560700000", "netIncome": "251000000"}, {"fiscalDateEnding": "2017-12-31", "reportedCurrency": "USD", "grossProfit": "3100500000", "totalRevenue": "6311100000", "costOfRevenue": "3210600000", "costofGoodsAndServicesSold": "3210600000", "operatingIncome": "444500000", "sellingGeneralAndAdministrative": "4050400000", "researchAndDevelopment": "None", "operatingExpenses": "2656000000", "investmentIncomeNet": "None", "netInterestIncome": "-49500000", "interestIncome": "49500000", "interestExpense": "49500000", "nonInterestIncome": "None", "otherNonOperatingIncome": "None", "depreciation": "None", "depreciationAndAmortization": "115700000", "incomeBeforeTax": "444500000", "incomeTaxExpense": "-75100000", "interestAndDebtExpense": "None", "netIncomeFromContinuingOperations": "369400000", "comprehensiveIncomeNetOfTax": "None", "ebit": "494000000", "ebitda": "609700000", "netIncome": "519600000"}, {"fiscalDateEnding": "2016-12-31", "reportedCurrency": "USD", "grossProfit": "7107689000", "totalRevenue": "7107689000", "costOfRevenue": "6175600000", "costofGoodsAndServicesSold": "6175600000", "operatingIncome": "906207000", "sellingGeneralAndAdministrative": "4794070000", "researchAndDevelopment": "0", "operatingExpenses": "6683000000", "investmentIncomeNet": "None", "netInterestIncome": "-57619000", "interestIncome": "57619000", "interestExpense": "57619000", "nonInterestIncome": "None", "otherNonOperatingIncome": "None", "depreciation": "None", "depreciationAndAmortization": "86491000", "incomeBeforeTax": "848588000", "incomeTaxExpense": "283238000", "interestAndDebtExpense": "None", "netIncomeFromContinuingOperations": "565350000", "comprehensiveIncomeNetOfTax": "None", "ebit": "3741635000", "ebitda": "3828126000", "netIncome": "565350000"}, {"fiscalDateEnding": "2015-12-31", "reportedCurrency": "USD", "grossProfit": "10312506000", "totalRevenue": "10312506000", "costOfRevenue": "9059300000", "costofGoodsAndServicesSold": "9059300000", "operatingIncome": "256297000", "sellingGeneralAndAdministrative": "5326662000", "researchAndDevelopment": "0", "operatingExpenses": "10124000000", "investmentIncomeNet": "None", "netInterestIncome": "None", "interestIncome": "55116000", "interestExpense": "55116000", "nonInterestIncome": "None", "otherNonOperatingIncome": "None", "depreciation": "None", "depreciationAndAmortization": "137105000", "incomeBeforeTax": "201181000", "incomeTaxExpense": "59626000", "interestAndDebtExpense": "None", "netIncomeFromContinuingOperations": "141555000", "comprehensiveIncomeNetOfTax": "None", "ebit": "6657700000", "ebitda": "6794805000", "netIncome": "141555000"}, {"fiscalDateEnding": "2014-12-31", "reportedCurrency": "USD", "grossProfit": "4492268000", "totalRevenue": "10383159000", "costOfRevenue": "5890891000", "costofGoodsAndServicesSold": "5890891000", "operatingIncome": "744137000", "sellingGeneralAndAdministrative": "5173788000", "researchAndDevelopment": "0", "operatingExpenses": "3748131000", "investmentIncomeNet": "None", "netInterestIncome": "None", "interestIncome": "None", "interestExpense": "58395000", "nonInterestIncome": "None", "otherNonOperatingIncome": "None", "depreciation": "None", "depreciationAndAmortization": "132217000", "incomeBeforeTax": "744137000", "incomeTaxExpense": "273230000", "interestAndDebtExpense": "None", "netIncomeFromContinuingOperations": "470907000", "comprehensiveIncomeNetOfTax": "None", "ebit": "802532000", "ebitda": "934749000", "netIncome": "470907000"}, {"fiscalDateEnding": "2013-12-31", "reportedCurrency": "USD", "grossProfit": "3885528000", "totalRevenue": "9031347000", "costOfRevenue": "5145819000", "costofGoodsAndServicesSold": "5145819000", "operatingIncome": "789699000", "sellingGeneralAndAdministrative": "4504691000", "researchAndDevelopment": "0", "operatingExpenses": "3095829000", "investmentIncomeNet": "None", "netInterestIncome": "None", "interestIncome": "None", "interestExpense": "77735000", "nonInterestIncome": "None", "otherNonOperatingIncome": "None", "depreciation": "None", "depreciationAndAmortization": "124851000", "incomeBeforeTax": "789699000", "incomeTaxExpense": "300792000", "interestAndDebtExpense": "None", "netIncomeFromContinuingOperations": "488907000", "comprehensiveIncomeNetOfTax": "None", "ebit": "867434000", "ebitda": "992285000", "netIncome": "488907000"}, {"fiscalDateEnding": "2012-12-31", "reportedCurrency": "USD", "grossProfit": "3431238000", "totalRevenue": "8489857000", "costOfRevenue": "5058619000", "costofGoodsAndServicesSold": "5058619000", "operatingIncome": "757751000", "sellingGeneralAndAdministrative": "4034809000", "researchAndDevelopment": "0", "operatingExpenses": "2673487000", "investmentIncomeNet": "None", "netInterestIncome": "None", "interestIncome": "None", "interestExpense": "60306000", "nonInterestIncome": "None", "otherNonOperatingIncome": "None", "depreciation": "None", "depreciationAndAmortization": "124387000", "incomeBeforeTax": "757751000", "incomeTaxExpense": "274046000", "interestAndDebtExpense": "None", "netIncomeFromContinuingOperations": "483705000", "comprehensiveIncomeNetOfTax": "None", "ebit": "818057000", "ebitda": "942444000", "netIncome": "483705000"}, {"fiscalDateEnding": "2011-12-31", "reportedCurrency": "USD", "grossProfit": "3174821000", "totalRevenue": "8252343000", "costOfRevenue": "5077522000", "costofGoodsAndServicesSold": "5077522000", "operatingIncome": "706127000", "sellingGeneralAndAdministrative": "2293705000", "researchAndDevelopment": "0", "operatingExpenses": "2468694000", "investmentIncomeNet": "None", "netInterestIncome": "None", "interestIncome": "None", "interestExpense": "60360000", "nonInterestIncome": "None", "otherNonOperatingIncome": "None", "depreciation": "None", "depreciationAndAmortization": "129391000", "incomeBeforeTax": "706127000", "incomeTaxExpense": "167171000", "interestAndDebtExpense": "None", "netIncomeFromContinuingOperations": "None", "comprehensiveIncomeNetOfTax": "None", "ebit": "766487000", "ebitda": "895878000", "netIncome": "538956000"}, {"fiscalDateEnding": "2010-12-31", "reportedCurrency": "USD", "grossProfit": "4886744000", "totalRevenue": "8527722000", "costOfRevenue": "3640978000", "costofGoodsAndServicesSold": "3640978000", "operatingIncome": "606444000", "sellingGeneralAndAdministrative": "2392035000", "researchAndDevelopment": "0", "operatingExpenses": "4280300000", "investmentIncomeNet": "None", "netInterestIncome": "None", "interestIncome": "None", "interestExpense": "60646000", "nonInterestIncome": "None", "otherNonOperatingIncome": "None", "depreciation": "None", "depreciationAndAmortization": "116196000", "incomeBeforeTax": "606444000", "incomeTaxExpense": "327267000", "interestAndDebtExpense": "None", "netIncomeFromContinuingOperations": "279177000", "comprehensiveIncomeNetOfTax": "None", "ebit": "667090000", "ebitda": "783286000", "netIncome": "279177000"}, {"fiscalDateEnding": "2009-12-31", "reportedCurrency": "USD", "grossProfit": "4832519000", "totalRevenue": "8700501000", "costOfRevenue": "3867982000", "costofGoodsAndServicesSold": "3867982000", "operatingIncome": "709606000", "sellingGeneralAndAdministrative": "2377364000", "researchAndDevelopment": "0", "operatingExpenses": "4122913000", "investmentIncomeNet": "None", "netInterestIncome": "None", "interestIncome": "None", "interestExpense": "60669000", "nonInterestIncome": "None", "otherNonOperatingIncome": "None", "depreciation": "None", "depreciationAndAmortization": "91338000", "incomeBeforeTax": "709606000", "incomeTaxExpense": "279032000", "interestAndDebtExpense": "None", "netIncomeFromContinuingOperations": "None", "comprehensiveIncomeNetOfTax": "None", "ebit": "770275000", "ebitda": "861613000", "netIncome": "430574000"}, {"fiscalDateEnding": "2008-12-31", "reportedCurrency": "USD", "grossProfit": "4582081000", "totalRevenue": "8601228000", "costOfRevenue": "4019147000", "costofGoodsAndServicesSold": "4019147000", "operatingIncome": "563278000", "sellingGeneralAndAdministrative": "2286170000", "researchAndDevelopment": "None", "operatingExpenses": "4018803000", "investmentIncomeNet": "None", "netInterestIncome": "None", "interestIncome": "None", "interestExpense": "60953000", "nonInterestIncome": "None", "otherNonOperatingIncome": "None", "depreciation": "None", "depreciationAndAmortization": "62197000", "incomeBeforeTax": "563278000", "incomeTaxExpense": "115482000", "interestAndDebtExpense": "None", "netIncomeFromContinuingOperations": "None", "comprehensiveIncomeNetOfTax": "None", "ebit": "624231000", "ebitda": "686428000", "netIncome": "447796000"}, {"fiscalDateEnding": "2007-12-31", "reportedCurrency": "USD", "grossProfit": "3311069000", "totalRevenue": "8453515000", "costOfRevenue": "5142446000", "costofGoodsAndServicesSold": "5142446000", "operatingIncome": "1011040000", "sellingGeneralAndAdministrative": "2238851000", "researchAndDevelopment": "None", "operatingExpenses": "2300029000", "investmentIncomeNet": "None", "netInterestIncome": "None", "interestIncome": "None", "interestExpense": "61178000", "nonInterestIncome": "None", "otherNonOperatingIncome": "None", "depreciation": "None", "depreciationAndAmortization": "61168000", "incomeBeforeTax": "1011040000", "incomeTaxExpense": "357294000", "interestAndDebtExpense": "None", "netIncomeFromContinuingOperations": "None", "comprehensiveIncomeNetOfTax": "None", "ebit": "1072218000", "ebitda": "1133386000", "netIncome": "653746000"}, {"fiscalDateEnding": "2006-12-31", "reportedCurrency": "USD", "grossProfit": "3349950000", "totalRevenue": "8070584000", "costOfRevenue": "4720634000", "costofGoodsAndServicesSold": "4720634000", "operatingIncome": "1095742000", "sellingGeneralAndAdministrative": "2191368000", "researchAndDevelopment": "None", "operatingExpenses": "2254208000", "investmentIncomeNet": "None", "netInterestIncome": "None", "interestIncome": "None", "interestExpense": "61243000", "nonInterestIncome": "None", "otherNonOperatingIncome": "None", "depreciation": "None", "depreciationAndAmortization": "93305000", "incomeBeforeTax": "1095742000", "incomeTaxExpense": "379871000", "interestAndDebtExpense": "None", "netIncomeFromContinuingOperations": "None", "comprehensiveIncomeNetOfTax": "None", "ebit": "1156985000", "ebitda": "1250290000", "netIncome": "717418000"}], "quarterlyReports": [{"fiscalDateEnding": "2025-12-31", "reportedCurrency": "USD", "grossProfit": "None", "totalRevenue": "3350400000", "costOfRevenue": "None", "costofGoodsAndServicesSold": "None", "operatingIncome": "311800000", "sellingGeneralAndAdministrative": "2321600000", "researchAndDevelopment": "None", "operatingExpenses": "3038600000", "investmentIncomeNet": "None", "netInterestIncome": "None", "interestIncome": "28300000", "interestExpense": "None", "nonInterestIncome": "None", "otherNonOperatingIncome": "None", "depreciation": "None", "depreciationAndAmortization": "None", "incomeBeforeTax": "283500000", "incomeTaxExpense": "None", "interestAndDebtExpense": "None", "netIncomeFromContinuingOperations": "None", "comprehensiveIncomeNetOfTax": "None", "ebit": "None", "ebitda": "None", "netIncome": "225200000"}, {"fiscalDateEnding": "2025-09-30", "reportedCurrency": "USD", "grossProfit": "2521900000", "totalRevenue": "3231500000", "costOfRevenue": "709600000", "costofGoodsAndServicesSold": "709600000", "operatingIncome": "331200000", "sellingGeneralAndAdministrative": "2161500000", "researchAndDevelopment": "None", "operatingExpenses": "2190700000", "investmentIncomeNet": "None", "netInterestIncome": "-27900000", "interestIncome": "27900000", "interestExpense": "27900000", "nonInterestIncome": "None", "otherNonOperatingIncome": "None", "depreciation": "None", "depreciationAndAmortization": "62300000", "incomeBeforeTax": "331200000", "incomeTaxExpense": "65600000", "interestAndDebtExpense": "None", "netIncomeFromContinuingOperations": "265600000", "comprehensiveIncomeNetOfTax": "None", "ebit": "359100000", "ebitda": "421400000", "netIncome": "265600000"}, {"fiscalDateEnding": "2025-06-30", "reportedCurrency": "USD", "grossProfit": "2436900000", "totalRevenue": "3158400000", "costOfRevenue": "721500000", "costofGoodsAndServicesSold": "721500000", "operatingIncome": "289000000", "sellingGeneralAndAdministrative": "2121200000", "researchAndDevelopment": "None", "operatingExpenses": "2147900000", "investmentIncomeNet": "None", "netInterestIncome": "-26700000", "interestIncome": "26700000", "interestExpense": "26700000", "nonInterestIncome": "None", "otherNonOperatingIncome": "None", "depreciation": "None", "depreciationAndAmortization": "59000000", "incomeBeforeTax": "289000000", "incomeTaxExpense": "53700000", "interestAndDebtExpense": "None", "netIncomeFromContinuingOperations": "235300000", "comprehensiveIncomeNetOfTax": "None", "ebit": "315700000", "ebitda": "374700000", "netIncome": "235300000"}, {"fiscalDateEnding": "2025-03-31", "reportedCurrency": "USD", "grossProfit": "2294300000", "totalRevenue": "3074000000", "costOfRevenue": "779700000", "costofGoodsAndServicesSold": "779700000", "operatingIncome": "183700000", "sellingGeneralAndAdministrative": "2083800000", "researchAndDevelopment": "None", "operatingExpenses": "2110600000", "investmentIncomeNet": "None", "netInterestIncome": "-26800000", "interestIncome": "26800000", "interestExpense": "26800000", "nonInterestIncome": "None", "otherNonOperatingIncome": "None", "depreciation": "None", "depreciationAndAmortization": "56700000", "incomeBeforeTax": "183700000", "incomeTaxExpense": "37100000", "interestAndDebtExpense": "None", "netIncomeFromContinuingOperations": "146600000", "comprehensiveIncomeNetOfTax": "None", "ebit": "210500000", "ebitda": "267200000", "netIncome": "146600000"}, {"fiscalDateEnding": "2024-12-31", "reportedCurrency": "USD", "grossProfit": "2434300000", "totalRevenue": "3104800000", "costOfRevenue": "670500000", "costofGoodsAndServicesSold": "670500000", "operatingIncome": "250000000", "sellingGeneralAndAdministrative": "2157500000", "researchAndDevelopment": "None", "operatingExpenses": "2184300000", "investmentIncomeNet": "None", "netInterestIncome": "-26800000", "interestIncome": "26800000", "interestExpense": "26800000", "nonInterestIncome": "None", "otherNonOperatingIncome": "None", "depreciation": "None", "depreciationAndAmortization": "63900000", "incomeBeforeTax": "250000000", "incomeTaxExpense": "48700000", "interestAndDebtExpense": "None", "netIncomeFromContinuingOperations": "201300000", "comprehensiveIncomeNetOfTax": "None", "ebit": "276800000", "ebitda": "340700000", "netIncome": "201300000"}, {"fiscalDateEnding": "2024-09-30", "reportedCurrency": "USD", "grossProfit": "2190900000", "totalRevenue": "2967700000", "costOfRevenue": "776800000", "costofGoodsAndServicesSold": "776800000", "operatingIncome": "151500000", "sellingGeneralAndAdministrative": "2012700000", "researchAndDevelopment": "None", "operatingExpenses": "2039400000", "investmentIncomeNet": "None", "netInterestIncome": "-26700000", "interestIncome": "26700000", "interestExpense": "26700000", "nonInterestIncome": "None", "otherNonOperatingIncome": "None", "depreciation": "None", "depreciationAndAmortization": "58500000", "incomeBeforeTax": "151500000", "incomeTaxExpense": "17700000", "interestAndDebtExpense": "None", "netIncomeFromContinuingOperations": "133800000", "comprehensiveIncomeNetOfTax": "None", "ebit": "178200000", "ebitda": "236700000", "netIncome": "133800000"}, {"fiscalDateEnding": "2024-06-30", "reportedCurrency": "USD", "grossProfit": "2228800000", "totalRevenue": "2924900000", "costOfRevenue": "696100000", "costofGoodsAndServicesSold": "696100000", "operatingIncome": "232900000", "sellingGeneralAndAdministrative": "None", "researchAndDevelopment": "None", "operatingExpenses": "1995900000", "investmentIncomeNet": "None", "netInterestIncome": "-26700000", "interestIncome": "None", "interestExpense": "26700000", "nonInterestIncome": "None", "otherNonOperatingIncome": "None", "depreciation": "None", "depreciationAndAmortization": "50500000", "incomeBeforeTax": "232900000", "incomeTaxExpense": "44200000", "interestAndDebtExpense": "None", "netIncomeFromContinuingOperations": "188700000", "comprehensiveIncomeNetOfTax": "None", "ebit": "259600000", "ebitda": "310100000", "netIncome": "188700000"}, {"fiscalDateEnding": "2024-03-31", "reportedCurrency": "USD", "grossProfit": "2257000000", "totalRevenue": "2880100000", "costOfRevenue": "623100000", "costofGoodsAndServicesSold": "623100000", "operatingIncome": "292900000", "sellingGeneralAndAdministrative": "None", "researchAndDevelopment": "None", "operatingExpenses": "1964100000", "investmentIncomeNet": "None", "netInterestIncome": "-26800000", "interestIncome": "None", "interestExpense": "26800000", "nonInterestIncome": "None", "otherNonOperatingIncome": "None", "depreciation": "None", "depreciationAndAmortization": "50600000", "incomeBeforeTax": "292900000", "incomeTaxExpense": "56500000", "interestAndDebtExpense": "None", "netIncomeFromContinuingOperations": "236400000", "comprehensiveIncomeNetOfTax": "None", "ebit": "319700000", "ebitda": "370300000", "netIncome": "236400000"}, {"fiscalDateEnding": "2023-12-31", "reportedCurrency": "USD", "grossProfit": "2384000000", "totalRevenue": "2983100000", "costOfRevenue": "599100000", "costofGoodsAndServicesSold": "599100000", "operatingIncome": "226600000", "sellingGeneralAndAdministrative": "None", "researchAndDevelopment": "None", "operatingExpenses": "2157400000", "investmentIncomeNet": "None", "netInterestIncome": "-26800000", "interestIncome": "None", "interestExpense": "26800000", "nonInterestIncome": "None", "otherNonOperatingIncome": "None", "depreciation": "None", "depreciationAndAmortization": "55200000", "incomeBeforeTax": "226600000", "incomeTaxExpense": "44100000", "interestAndDebtExpense": "None", "netIncomeFromContinuingOperations": "182500000", "comprehensiveIncomeNetOfTax": "None", "ebit": "253400000", "ebitda": "308600000", "netIncome": "182500000"}, {"fiscalDateEnding": "2023-09-30", "reportedCurrency": "USD", "grossProfit": "2129500000", "totalRevenue": "2774100000", "costOfRevenue": "644600000", "costofGoodsAndServicesSold": "644600000", "operatingIncome": "228800000", "sellingGeneralAndAdministrative": "1873700000", "researchAndDevelopment": "None", "operatingExpenses": "1900700000", "investmentIncomeNet": "None", "netInterestIncome": "-27000000", "interestIncome": "27000000", "interestExpense": "27000000", "nonInterestIncome": "None", "otherNonOperatingIncome": "None", "depreciation": "None", "depreciationAndAmortization": "45900000", "incomeBeforeTax": "228800000", "incomeTaxExpense": "38700000", "interestAndDebtExpense": "None", "netIncomeFromContinuingOperations": "190100000", "comprehensiveIncomeNetOfTax": "None", "ebit": "255800000", "ebitda": "301700000", "netIncome": "190100000"}, {"fiscalDateEnding": "2023-06-30", "reportedCurrency": "USD", "grossProfit": "2099100000", "totalRevenue": "2731600000", "costOfRevenue": "632500000", "costofGoodsAndServicesSold": "632500000", "operatingIncome": "204300000", "sellingGeneralAndAdministrative": "1867600000", "researchAndDevelopment": "None", "operatingExpenses": "1894800000", "investmentIncomeNet": "None", "netInterestIncome": "-27200000", "interestIncome": "27200000", "interestExpense": "27200000", "nonInterestIncome": "None", "otherNonOperatingIncome": "None", "depreciation": "None", "depreciationAndAmortization": "47200000", "incomeBeforeTax": "204300000", "incomeTaxExpense": "48000000", "interestAndDebtExpense": "None", "netIncomeFromContinuingOperations": "156300000", "comprehensiveIncomeNetOfTax": "None", "ebit": "231500000", "ebitda": "278700000", "netIncome": "156300000"}, {"fiscalDateEnding": "2023-03-31", "reportedCurrency": "USD", "grossProfit": "1997200000", "totalRevenue": "2642800000", "costOfRevenue": "645600000", "costofGoodsAndServicesSold": "645600000", "operatingIncome": "147100000", "sellingGeneralAndAdministrative": "1823200000", "researchAndDevelopment": "None", "operatingExpenses": "1850100000", "investmentIncomeNet": "None", "netInterestIncome": "-27000000", "interestIncome": "27000000", "interestExpense": "27000000", "nonInterestIncome": "None", "otherNonOperatingIncome": "None", "depreciation": "None", "depreciationAndAmortization": "48100000", "incomeBeforeTax": "147100000", "incomeTaxExpense": "33500000", "interestAndDebtExpense": "None", "netIncomeFromContinuingOperations": "113600000", "comprehensiveIncomeNetOfTax": "None", "ebit": "174100000", "ebitda": "222200000", "netIncome": "113600000"}, {"fiscalDateEnding": "2022-12-31", "reportedCurrency": "USD", "grossProfit": "2053500000", "totalRevenue": "2652800000", "costOfRevenue": "599300000", "costofGoodsAndServicesSold": "599300000", "operatingIncome": "96300000", "sellingGeneralAndAdministrative": "1921500000", "researchAndDevelopment": "None", "operatingExpenses": "1957200000", "investmentIncomeNet": "None", "netInterestIncome": "-27900000", "interestIncome": "27900000", "interestExpense": "27900000", "nonInterestIncome": "None", "otherNonOperatingIncome": "-179700000", "depreciation": "None", "depreciationAndAmortization": "41800000", "incomeBeforeTax": "96300000", "incomeTaxExpense": "28200000", "interestAndDebtExpense": "None", "netIncomeFromContinuingOperations": "68100000", "comprehensiveIncomeNetOfTax": "None", "ebit": "124200000", "ebitda": "166000000", "netIncome": "68100000"}, {"fiscalDateEnding": "2022-09-30", "reportedCurrency": "USD", "grossProfit": "1877500000", "totalRevenue": "2548000000", "costOfRevenue": "670500000", "costofGoodsAndServicesSold": "670500000", "operatingIncome": "8700000", "sellingGeneralAndAdministrative": "1842500000", "researchAndDevelopment": "None", "operatingExpenses": "1868800000", "investmentIncomeNet": "None", "netInterestIncome": "-26300000", "interestIncome": "26300000", "interestExpense": "26300000", "nonInterestIncome": "None", "otherNonOperatingIncome": "None", "depreciation": "None", "depreciationAndAmortization": "44800000", "incomeBeforeTax": "8500000", "incomeTaxExpense": "1200000", "interestAndDebtExpense": "None", "netIncomeFromContinuingOperations": "7300000", "comprehensiveIncomeNetOfTax": "None", "ebit": "34800000", "ebitda": "79600000", "netIncome": "7300000"}, {"fiscalDateEnding": "2022-06-30", "reportedCurrency": "USD", "grossProfit": "1909700000", "totalRevenue": "2509700000", "costOfRevenue": "600000000", "costofGoodsAndServicesSold": "600000000", "operatingIncome": "69900000", "sellingGeneralAndAdministrative": "1811700000", "researchAndDevelopment": "None", "operatingExpenses": "1839800000", "investmentIncomeNet": "None", "netInterestIncome": "-27200000", "interestIncome": "27200000", "interestExpense": "27200000", "nonInterestIncome": "None", "otherNonOperatingIncome": "None", "depreciation": "None", "depreciationAndAmortization": "48100000", "incomeBeforeTax": "69900000", "incomeTaxExpense": "17700000", "interestAndDebtExpense": "None", "netIncomeFromContinuingOperations": "52200000", "comprehensiveIncomeNetOfTax": "None", "ebit": "97100000", "ebitda": "145200000", "netIncome": "52200000"}, {"fiscalDateEnding": "2022-03-31", "reportedCurrency": "USD", "grossProfit": "1992700000", "totalRevenue": "2482700000", "costOfRevenue": "490000000", "costofGoodsAndServicesSold": "490000000", "operatingIncome": "175200000", "sellingGeneralAndAdministrative": "1790600000", "researchAndDevelopment": "None", "operatingExpenses": "1817500000", "investmentIncomeNet": "None", "netInterestIncome": "-26900000", "interestIncome": "26900000", "interestExpense": "26900000", "nonInterestIncome": "None", "otherNonOperatingIncome": "None", "depreciation": "None", "depreciationAndAmortization": "47300000", "incomeBeforeTax": "175200000", "incomeTaxExpense": "26200000", "interestAndDebtExpense": "None", "netIncomeFromContinuingOperations": "145500000", "comprehensiveIncomeNetOfTax": "None", "ebit": "202100000", "ebitda": "249400000", "netIncome": "149000000"}, {"fiscalDateEnding": "2021-12-31", "reportedCurrency": "USD", "grossProfit": "1128300000", "totalRevenue": "2574900000", "costOfRevenue": "1446600000", "costofGoodsAndServicesSold": "1446600000", "operatingIncome": "161800000", "sellingGeneralAndAdministrative": "3240600000", "researchAndDevelopment": "None", "operatingExpenses": "966500000", "investmentIncomeNet": "None", "netInterestIncome": "-27100000", "interestIncome": "27100000", "interestExpense": "27100000", "nonInterestIncome": "None", "otherNonOperatingIncome": "128200000", "depreciation": "None", "depreciationAndAmortization": "45600000", "incomeBeforeTax": "161800000", "incomeTaxExpense": "35100000", "interestAndDebtExpense": "None", "netIncomeFromContinuingOperations": "126700000", "comprehensiveIncomeNetOfTax": "None", "ebit": "188900000", "ebitda": "234500000", "netIncome": "123600000"}, {"fiscalDateEnding": "2021-09-30", "reportedCurrency": "USD", "grossProfit": "1054800000", "totalRevenue": "2637800000", "costOfRevenue": "1583000000", "costofGoodsAndServicesSold": "1583000000", "operatingIncome": "188200000", "sellingGeneralAndAdministrative": "818300000", "researchAndDevelopment": "None", "operatingExpenses": "866600000", "investmentIncomeNet": "None", "netInterestIncome": "-27500000", "interestIncome": "27500000", "interestExpense": "27500000", "nonInterestIncome": "None", "otherNonOperatingIncome": "None", "depreciation": "None", "depreciationAndAmortization": "41900000", "incomeBeforeTax": "188200000", "incomeTaxExpense": "37200000", "interestAndDebtExpense": "None", "netIncomeFromContinuingOperations": "153600000", "comprehensiveIncomeNetOfTax": "None", "ebit": "215700000", "ebitda": "257600000", "netIncome": "879800000"}, {"fiscalDateEnding": "2021-06-30", "reportedCurrency": "USD", "grossProfit": "1015700000", "totalRevenue": "2542300000", "costOfRevenue": "1526600000", "costofGoodsAndServicesSold": "1526600000", "operatingIncome": "239700000", "sellingGeneralAndAdministrative": "747200000", "researchAndDevelopment": "None", "operatingExpenses": "776000000", "investmentIncomeNet": "None", "netInterestIncome": "-28800000", "interestIncome": "28800000", "interestExpense": "28800000", "nonInterestIncome": "None", "otherNonOperatingIncome": "None", "depreciation": "None", "depreciationAndAmortization": "42700000", "incomeBeforeTax": "239700000", "incomeTaxExpense": "52600000", "interestAndDebtExpense": "None", "netIncomeFromContinuingOperations": "184700000", "comprehensiveIncomeNetOfTax": "None", "ebit": "268500000", "ebitda": "311200000", "netIncome": "205800000"}, {"fiscalDateEnding": "2021-03-31", "reportedCurrency": "USD", "grossProfit": "957200000", "totalRevenue": "2432600000", "costOfRevenue": "1475400000", "costofGoodsAndServicesSold": "1475400000", "operatingIncome": "193100000", "sellingGeneralAndAdministrative": "735700000", "researchAndDevelopment": "None", "operatingExpenses": "764100000", "investmentIncomeNet": "None", "netInterestIncome": "-28400000", "interestIncome": "28400000", "interestExpense": "28400000", "nonInterestIncome": "None", "otherNonOperatingIncome": "None", "depreciation": "None", "depreciationAndAmortization": "41400000", "incomeBeforeTax": "193100000", "incomeTaxExpense": "44600000", "interestAndDebtExpense": "None", "netIncomeFromContinuingOperations": "148500000", "comprehensiveIncomeNetOfTax": "None", "ebit": "221500000", "ebitda": "262900000", "netIncome": "163000000"}, {"fiscalDateEnding": "2020-12-31", "reportedCurrency": "USD", "grossProfit": "986400000", "totalRevenue": "2553100000", "costOfRevenue": "1566700000", "costofGoodsAndServicesSold": "1566700000", "operatingIncome": "183400000", "sellingGeneralAndAdministrative": "1967500000", "researchAndDevelopment": "None", "operatingExpenses": "803000000", "investmentIncomeNet": "None", "netInterestIncome": "-26800000", "interestIncome": "26800000", "interestExpense": "26800000", "nonInterestIncome": "None", "otherNonOperatingIncome": "None", "depreciation": "None", "depreciationAndAmortization": "39200000", "incomeBeforeTax": "183400000", "incomeTaxExpense": "44400000", "interestAndDebtExpense": "None", "netIncomeFromContinuingOperations": "139000000", "comprehensiveIncomeNetOfTax": "None", "ebit": "210200000", "ebitda": "249400000", "netIncome": "139200000"}, {"fiscalDateEnding": "2020-09-30", "reportedCurrency": "USD", "grossProfit": "810900000", "totalRevenue": "2376700000", "costOfRevenue": "1565800000", "costofGoodsAndServicesSold": "1565800000", "operatingIncome": "112500000", "sellingGeneralAndAdministrative": "687500000", "researchAndDevelopment": "None", "operatingExpenses": "698400000", "investmentIncomeNet": "None", "netInterestIncome": "-25500000", "interestIncome": "25500000", "interestExpense": "25500000", "nonInterestIncome": "None", "otherNonOperatingIncome": "None", "depreciation": "None", "depreciationAndAmortization": "39500000", "incomeBeforeTax": "112500000", "incomeTaxExpense": "24500000", "interestAndDebtExpense": "None", "netIncomeFromContinuingOperations": "-30500000", "comprehensiveIncomeNetOfTax": "None", "ebit": "138000000", "ebitda": "177500000", "netIncome": "-30200000"}, {"fiscalDateEnding": "2020-06-30", "reportedCurrency": "USD", "grossProfit": "940600000", "totalRevenue": "2331200000", "costOfRevenue": "1390600000", "costofGoodsAndServicesSold": "1390600000", "operatingIncome": "209300000", "sellingGeneralAndAdministrative": "736200000", "researchAndDevelopment": "None", "operatingExpenses": "731300000", "investmentIncomeNet": "None", "netInterestIncome": "-26700000", "interestIncome": "26300000", "interestExpense": "26700000", "nonInterestIncome": "None", "otherNonOperatingIncome": "None", "depreciation": "None", "depreciationAndAmortization": "32200000", "incomeBeforeTax": "209300000", "incomeTaxExpense": "44600000", "interestAndDebtExpense": "None", "netIncomeFromContinuingOperations": "178400000", "comprehensiveIncomeNetOfTax": "None", "ebit": "236000000", "ebitda": "268200000", "netIncome": "178100000"}, {"fiscalDateEnding": "2020-03-31", "reportedCurrency": "USD", "grossProfit": "1018200000", "totalRevenue": "2448700000", "costOfRevenue": "1430500000", "costofGoodsAndServicesSold": "1430500000", "operatingIncome": "100100000", "sellingGeneralAndAdministrative": "908100000", "researchAndDevelopment": "None", "operatingExpenses": "918100000", "investmentIncomeNet": "None", "netInterestIncome": "-25500000", "interestIncome": "12400000", "interestExpense": "25500000", "nonInterestIncome": "None", "otherNonOperatingIncome": "None", "depreciation": "None", "depreciationAndAmortization": "32500000", "incomeBeforeTax": "100100000", "incomeTaxExpense": "-48500000", "interestAndDebtExpense": "None", "netIncomeFromContinuingOperations": "155800000", "comprehensiveIncomeNetOfTax": "None", "ebit": "125600000", "ebitda": "158100000", "netIncome": "154700000"}, {"fiscalDateEnding": "2019-12-31", "reportedCurrency": "USD", "grossProfit": "1101700000", "totalRevenue": "2609000000", "costOfRevenue": "1507300000", "costofGoodsAndServicesSold": "1507300000", "operatingIncome": "178800000", "sellingGeneralAndAdministrative": "1730700000", "researchAndDevelopment": "None", "operatingExpenses": "922900000", "investmentIncomeNet": "None", "netInterestIncome": "-25400000", "interestIncome": "57900000", "interestExpense": "25400000", "nonInterestIncome": "None", "otherNonOperatingIncome": "None", "depreciation": "None", "depreciationAndAmortization": "38400000", "incomeBeforeTax": "178800000", "incomeTaxExpense": "50000000", "interestAndDebtExpense": "None", "netIncomeFromContinuingOperations": "128800000", "comprehensiveIncomeNetOfTax": "None", "ebit": "204200000", "ebitda": "242600000", "netIncome": "127600000"}, {"fiscalDateEnding": "2019-09-30", "reportedCurrency": "USD", "grossProfit": "920200000", "totalRevenue": "2494900000", "costOfRevenue": "1574700000", "costofGoodsAndServicesSold": "1574700000", "operatingIncome": "-24600000", "sellingGeneralAndAdministrative": "764500000", "researchAndDevelopment": "None", "operatingExpenses": "944800000", "investmentIncomeNet": "None", "netInterestIncome": "-32200000", "interestIncome": "153300000", "interestExpense": "32200000", "nonInterestIncome": "None", "otherNonOperatingIncome": "None", "depreciation": "None", "depreciationAndAmortization": "27300000", "incomeBeforeTax": "-24600000", "incomeTaxExpense": "28600000", "interestAndDebtExpense": "None", "netIncomeFromContinuingOperations": "-53200000", "comprehensiveIncomeNetOfTax": "None", "ebit": "7600000", "ebitda": "34900000", "netIncome": "-54800000"}, {"fiscalDateEnding": "2019-06-30", "reportedCurrency": "USD", "grossProfit": "1038000000", "totalRevenue": "2540800000", "costOfRevenue": "1502800000", "costofGoodsAndServicesSold": "1502800000", "operatingIncome": "183300000", "sellingGeneralAndAdministrative": "832900000", "researchAndDevelopment": "None", "operatingExpenses": "854700000", "investmentIncomeNet": "None", "netInterestIncome": "-26500000", "interestIncome": "26500000", "interestExpense": "26500000", "nonInterestIncome": "None", "otherNonOperatingIncome": "None", "depreciation": "None", "depreciationAndAmortization": "30400000", "incomeBeforeTax": "183300000", "incomeTaxExpense": "40700000", "interestAndDebtExpense": "None", "netIncomeFromContinuingOperations": "142600000", "comprehensiveIncomeNetOfTax": "None", "ebit": "209800000", "ebitda": "240200000", "netIncome": "144100000"}, {"fiscalDateEnding": "2019-03-31", "reportedCurrency": "USD", "grossProfit": "1035800000", "totalRevenue": "2427800000", "costOfRevenue": "1392000000", "costofGoodsAndServicesSold": "1392000000", "operatingIncome": "217000000", "sellingGeneralAndAdministrative": "800100000", "researchAndDevelopment": "None", "operatingExpenses": "818800000", "investmentIncomeNet": "None", "netInterestIncome": "-26500000", "interestIncome": "26500000", "interestExpense": "26500000", "nonInterestIncome": "None", "otherNonOperatingIncome": "None", "depreciation": "None", "depreciationAndAmortization": "29700000", "incomeBeforeTax": "217000000", "incomeTaxExpense": "48400000", "interestAndDebtExpense": "None", "netIncomeFromContinuingOperations": "168600000", "comprehensiveIncomeNetOfTax": "None", "ebit": "243500000", "ebitda": "273200000", "netIncome": "165700000"}, {"fiscalDateEnding": "2018-12-31", "reportedCurrency": "USD", "grossProfit": "809200000", "totalRevenue": "2306300000", "costOfRevenue": "1497100000", "costofGoodsAndServicesSold": "1497100000", "operatingIncome": "42900000", "sellingGeneralAndAdministrative": "809500000", "researchAndDevelopment": "0", "operatingExpenses": "766300000", "investmentIncomeNet": "None", "netInterestIncome": "None", "interestIncome": "None", "interestExpense": "26300000", "nonInterestIncome": "None", "otherNonOperatingIncome": "None", "depreciation": "None", "depreciationAndAmortization": "-97300000", "incomeBeforeTax": "42900000", "incomeTaxExpense": "16300000", "interestAndDebtExpense": "None", "netIncomeFromContinuingOperations": "26600000", "comprehensiveIncomeNetOfTax": "None", "ebit": "42900000", "ebitda": "69200000", "netIncome": "25000000"}, {"fiscalDateEnding": "2018-09-30", "reportedCurrency": "USD", "grossProfit": "826100000", "totalRevenue": "2257600000", "costOfRevenue": "1431500000", "costofGoodsAndServicesSold": "1431500000", "operatingIncome": "75800000", "sellingGeneralAndAdministrative": "736500000", "researchAndDevelopment": "0", "operatingExpenses": "750300000", "investmentIncomeNet": "None", "netInterestIncome": "None", "interestIncome": "None", "interestExpense": "26500000", "nonInterestIncome": "None", "otherNonOperatingIncome": "None", "depreciation": "None", "depreciationAndAmortization": "35700000", "incomeBeforeTax": "75800000", "incomeTaxExpense": "22800000", "interestAndDebtExpense": "None", "netIncomeFromContinuingOperations": "53000000", "comprehensiveIncomeNetOfTax": "None", "ebit": "102300000", "ebitda": "138000000", "netIncome": "53000000"}, {"fiscalDateEnding": "2018-06-30", "reportedCurrency": "USD", "grossProfit": "862900000", "totalRevenue": "1816700000", "costOfRevenue": "953800000", "costofGoodsAndServicesSold": "953800000", "operatingIncome": "78300000", "sellingGeneralAndAdministrative": "773600000", "researchAndDevelopment": "0", "operatingExpenses": "784600000", "investmentIncomeNet": "None", "netInterestIncome": "None", "interestIncome": "None", "interestExpense": "26000000", "nonInterestIncome": "None", "otherNonOperatingIncome": "None", "depreciation": "None", "depreciationAndAmortization": "24900000", "incomeBeforeTax": "78300000", "incomeTaxExpense": "11300000", "interestAndDebtExpense": "None", "netIncomeFromContinuingOperations": "67000000", "comprehensiveIncomeNetOfTax": "None", "ebit": "104300000", "ebitda": "129200000", "netIncome": "67000000"}, {"fiscalDateEnding": "2018-03-31", "reportedCurrency": "USD", "grossProfit": "859100000", "totalRevenue": "1620100000", "costOfRevenue": "761000000", "costofGoodsAndServicesSold": "761000000", "operatingIncome": "136500000", "sellingGeneralAndAdministrative": "719600000", "researchAndDevelopment": "0", "operatingExpenses": "722600000", "investmentIncomeNet": "None", "netInterestIncome": "None", "interestIncome": "None", "interestExpense": "21500000", "nonInterestIncome": "None", "otherNonOperatingIncome": "None", "depreciation": "None", "depreciationAndAmortization": "30000000", "incomeBeforeTax": "136500000", "incomeTaxExpense": "30500000", "interestAndDebtExpense": "None", "netIncomeFromContinuingOperations": "106000000", "comprehensiveIncomeNetOfTax": "None", "ebit": "158000000", "ebitda": "188000000", "netIncome": "106000000"}, {"fiscalDateEnding": "2017-12-31", "reportedCurrency": "USD", "grossProfit": "895900000", "totalRevenue": "1656200000", "costOfRevenue": "760300000", "costofGoodsAndServicesSold": "760300000", "operatingIncome": "158300000", "sellingGeneralAndAdministrative": "751600000", "researchAndDevelopment": "0", "operatingExpenses": "737600000", "investmentIncomeNet": "None", "netInterestIncome": "None", "interestIncome": "None", "interestExpense": "12300000", "nonInterestIncome": "None", "otherNonOperatingIncome": "None", "depreciation": "None", "depreciationAndAmortization": "-170600000", "incomeBeforeTax": "158300000", "incomeTaxExpense": "-154600000", "interestAndDebtExpense": "None", "netIncomeFromContinuingOperations": "162700000", "comprehensiveIncomeNetOfTax": "None", "ebit": "158300000", "ebitda": "170600000", "netIncome": "312900000"}, {"fiscalDateEnding": "2017-09-30", "reportedCurrency": "USD", "grossProfit": "548600000", "totalRevenue": "1563300000", "costOfRevenue": "1014700000", "costofGoodsAndServicesSold": "1014700000", "operatingIncome": "-107600000", "sellingGeneralAndAdministrative": "667100000", "researchAndDevelopment": "0", "operatingExpenses": "656200000", "investmentIncomeNet": "None", "netInterestIncome": "None", "interestIncome": "None", "interestExpense": "12200000", "nonInterestIncome": "None", "otherNonOperatingIncome": "None", "depreciation": "None", "depreciationAndAmortization": "95400000", "incomeBeforeTax": "-107600000", "incomeTaxExpense": "-50300000", "interestAndDebtExpense": "None", "netIncomeFromContinuingOperations": "-57300000", "comprehensiveIncomeNetOfTax": "None", "ebit": "-107600000", "ebitda": "-95400000", "netIncome": "-57300000"}, {"fiscalDateEnding": "2017-06-30", "reportedCurrency": "USD", "grossProfit": "814000000", "totalRevenue": "1577100000", "costOfRevenue": "763100000", "costofGoodsAndServicesSold": "763100000", "operatingIncome": "178700000", "sellingGeneralAndAdministrative": "646300000", "researchAndDevelopment": "0", "operatingExpenses": "635300000", "investmentIncomeNet": "None", "netInterestIncome": "None", "interestIncome": "None", "interestExpense": "12400000", "nonInterestIncome": "None", "otherNonOperatingIncome": "None", "depreciation": "None", "depreciationAndAmortization": "-191100000", "incomeBeforeTax": "178700000", "incomeTaxExpense": "58500000", "interestAndDebtExpense": "None", "netIncomeFromContinuingOperations": "120200000", "comprehensiveIncomeNetOfTax": "None", "ebit": "178700000", "ebitda": "191100000", "netIncome": "120200000"}, {"fiscalDateEnding": "2017-03-31", "reportedCurrency": "USD", "grossProfit": "842000000", "totalRevenue": "1514500000", "costOfRevenue": "672500000", "costofGoodsAndServicesSold": "672500000", "operatingIncome": "215100000", "sellingGeneralAndAdministrative": "651300000", "researchAndDevelopment": "0", "operatingExpenses": "626900000", "investmentIncomeNet": "None", "netInterestIncome": "None", "interestIncome": "None", "interestExpense": "12600000", "nonInterestIncome": "None", "otherNonOperatingIncome": "None", "depreciation": "None", "depreciationAndAmortization": "-227700000", "incomeBeforeTax": "215100000", "incomeTaxExpense": "71300000", "interestAndDebtExpense": "None", "netIncomeFromContinuingOperations": "143800000", "comprehensiveIncomeNetOfTax": "None", "ebit": "215100000", "ebitda": "227700000", "netIncome": "143800000"}, {"fiscalDateEnding": "2016-12-31", "reportedCurrency": "USD", "grossProfit": "894385000", "totalRevenue": "1667033000", "costOfRevenue": "772648000", "costofGoodsAndServicesSold": "772648000", "operatingIncome": "54711000", "sellingGeneralAndAdministrative": "119311000", "researchAndDevelopment": "0", "operatingExpenses": "839674000", "investmentIncomeNet": "None", "netInterestIncome": "None", "interestIncome": "None", "interestExpense": "13878000", "nonInterestIncome": "None", "otherNonOperatingIncome": "None", "depreciation": "None", "depreciationAndAmortization": "-91500000", "incomeBeforeTax": "54711000", "incomeTaxExpense": "23395000", "interestAndDebtExpense": "None", "netIncomeFromContinuingOperations": "-26664643000", "comprehensiveIncomeNetOfTax": "None", "ebit": "54711000", "ebitda": "68589000", "netIncome": "31316000"}, {"fiscalDateEnding": "2016-09-30", "reportedCurrency": "USD", "grossProfit": "932800000", "totalRevenue": "1698300000", "costOfRevenue": "765500000", "costofGoodsAndServicesSold": "765500000", "operatingIncome": "220900000", "sellingGeneralAndAdministrative": "833778000", "researchAndDevelopment": "0", "operatingExpenses": "711900000", "investmentIncomeNet": "None", "netInterestIncome": "None", "interestIncome": "None", "interestExpense": "14000000", "nonInterestIncome": "None", "otherNonOperatingIncome": "None", "depreciation": "None", "depreciationAndAmortization": "-234900000", "incomeBeforeTax": "220900000", "incomeTaxExpense": "76500000", "interestAndDebtExpense": "None", "netIncomeFromContinuingOperations": "144367000", "comprehensiveIncomeNetOfTax": "None", "ebit": "220858000", "ebitda": "234900000", "netIncome": "144400000"}, {"fiscalDateEnding": "2016-06-30", "reportedCurrency": "USD", "grossProfit": "928500000", "totalRevenue": "1672000000", "costOfRevenue": "743500000", "costofGoodsAndServicesSold": "743500000", "operatingIncome": "235500000", "sellingGeneralAndAdministrative": "803595000", "researchAndDevelopment": "0", "operatingExpenses": "693000000", "investmentIncomeNet": "None", "netInterestIncome": "None", "interestIncome": "None", "interestExpense": "15200000", "nonInterestIncome": "None", "otherNonOperatingIncome": "None", "depreciation": "None", "depreciationAndAmortization": "-267400000", "incomeBeforeTax": "235500000", "incomeTaxExpense": "66200000", "interestAndDebtExpense": "None", "netIncomeFromContinuingOperations": "169349000", "comprehensiveIncomeNetOfTax": "None", "ebit": "235512000", "ebitda": "250700000", "netIncome": "169300000"}, {"fiscalDateEnding": "2016-03-31", "reportedCurrency": "USD", "grossProfit": "1192200000", "totalRevenue": "2070300000", "costOfRevenue": "878100000", "costofGoodsAndServicesSold": "878100000", "operatingIncome": "337600000", "sellingGeneralAndAdministrative": "917359000", "researchAndDevelopment": "0", "operatingExpenses": "854600000", "investmentIncomeNet": "None", "netInterestIncome": "None", "interestIncome": "None", "interestExpense": "14500000", "nonInterestIncome": "None", "otherNonOperatingIncome": "None", "depreciation": "None", "depreciationAndAmortization": "-322500000", "incomeBeforeTax": "337600000", "incomeTaxExpense": "117200000", "interestAndDebtExpense": "None", "netIncomeFromContinuingOperations": "220318000", "comprehensiveIncomeNetOfTax": "None", "ebit": "337507000", "ebitda": "352100000", "netIncome": "220400000"}, {"fiscalDateEnding": "2015-12-31", "reportedCurrency": "USD", "grossProfit": "1196452000", "totalRevenue": "2544589000", "costOfRevenue": "1348137000", "costofGoodsAndServicesSold": "1348137000", "operatingIncome": "110214000", "sellingGeneralAndAdministrative": "11377000", "researchAndDevelopment": "0", "operatingExpenses": "1086238000", "investmentIncomeNet": "None", "netInterestIncome": "None", "interestIncome": "None", "interestExpense": "13781000", "nonInterestIncome": "None", "otherNonOperatingIncome": "None", "depreciation": "None", "depreciationAndAmortization": "-107222000", "incomeBeforeTax": "110214000", "incomeTaxExpense": "44470000", "interestAndDebtExpense": "None", "netIncomeFromContinuingOperations": "65744000", "comprehensiveIncomeNetOfTax": "None", "ebit": "110214000", "ebitda": "123995000", "netIncome": "65744000"}, {"fiscalDateEnding": "2015-09-30", "reportedCurrency": "USD", "grossProfit": "935269000", "totalRevenue": "2530913000", "costOfRevenue": "1595644000", "costofGoodsAndServicesSold": "1595644000", "operatingIncome": "-32251000", "sellingGeneralAndAdministrative": "956984000", "researchAndDevelopment": "0", "operatingExpenses": "967520000", "investmentIncomeNet": "None", "netInterestIncome": "None", "interestIncome": "None", "interestExpense": "13779000", "nonInterestIncome": "None", "otherNonOperatingIncome": "None", "depreciation": "None", "depreciationAndAmortization": "18472000", "incomeBeforeTax": "-32251000", "incomeTaxExpense": "-25229000", "interestAndDebtExpense": "None", "netIncomeFromContinuingOperations": "-7022000", "comprehensiveIncomeNetOfTax": "None", "ebit": "-32251000", "ebitda": "-18472000", "netIncome": "-7022000"}, {"fiscalDateEnding": "2015-06-30", "reportedCurrency": "USD", "grossProfit": "1020055000", "totalRevenue": "2641652000", "costOfRevenue": "1621597000", "costofGoodsAndServicesSold": "1621597000", "operatingIncome": "40025000", "sellingGeneralAndAdministrative": "969494000", "researchAndDevelopment": "0", "operatingExpenses": "980030000", "investmentIncomeNet": "None", "netInterestIncome": "None", "interestIncome": "None", "interestExpense": "13778000", "nonInterestIncome": "None", "otherNonOperatingIncome": "None", "depreciation": "None", "depreciationAndAmortization": "-53803000", "incomeBeforeTax": "40025000", "incomeTaxExpense": "7236000", "interestAndDebtExpense": "None", "netIncomeFromContinuingOperations": "32789000", "comprehensiveIncomeNetOfTax": "None", "ebit": "40025000", "ebitda": "53803000", "netIncome": "32789000"}, {"fiscalDateEnding": "2015-03-31", "reportedCurrency": "USD", "grossProfit": "1015622000", "totalRevenue": "2595352000", "costOfRevenue": "1579730000", "costofGoodsAndServicesSold": "1579730000", "operatingIncome": "83193000", "sellingGeneralAndAdministrative": "921909000", "researchAndDevelopment": "0", "operatingExpenses": "932429000", "investmentIncomeNet": "None", "netInterestIncome": "None", "interestIncome": "None", "interestExpense": "13778000", "nonInterestIncome": "None", "otherNonOperatingIncome": "None", "depreciation": "None", "depreciationAndAmortization": "-96971000", "incomeBeforeTax": "83193000", "incomeTaxExpense": "33149000", "interestAndDebtExpense": "None", "netIncomeFromContinuingOperations": "50044000", "comprehensiveIncomeNetOfTax": "None", "ebit": "83193000", "ebitda": "96971000", "netIncome": "50044000"}, {"fiscalDateEnding": "2014-12-31", "reportedCurrency": "USD", "grossProfit": "1123674000", "totalRevenue": "2635147000", "costOfRevenue": "1511473000", "costofGoodsAndServicesSold": "1511473000", "operatingIncome": "90346000", "sellingGeneralAndAdministrative": "90985000", "researchAndDevelopment": "0", "operatingExpenses": "1033328000", "investmentIncomeNet": "None", "netInterestIncome": "None", "interestIncome": "None", "interestExpense": "13778000", "nonInterestIncome": "None", "otherNonOperatingIncome": "None", "depreciation": "None", "depreciationAndAmortization": "-104124000", "incomeBeforeTax": "90346000", "incomeTaxExpense": "40591000", "interestAndDebtExpense": "None", "netIncomeFromContinuingOperations": "470907000", "comprehensiveIncomeNetOfTax": "None", "ebit": "90346000", "ebitda": "104124000", "netIncome": "49755000"}, {"fiscalDateEnding": "2014-09-30", "reportedCurrency": "USD", "grossProfit": "1188441000", "totalRevenue": "2698843000", "costOfRevenue": "1510402000", "costofGoodsAndServicesSold": "1510402000", "operatingIncome": "224751000", "sellingGeneralAndAdministrative": "953559000", "researchAndDevelopment": "0", "operatingExpenses": "963690000", "investmentIncomeNet": "None", "netInterestIncome": "None", "interestIncome": "None", "interestExpense": "13776000", "nonInterestIncome": "None", "otherNonOperatingIncome": "None", "depreciation": "None", "depreciationAndAmortization": "-238527000", "incomeBeforeTax": "224751000", "incomeTaxExpense": "84454000", "interestAndDebtExpense": "None", "netIncomeFromContinuingOperations": "140297000", "comprehensiveIncomeNetOfTax": "None", "ebit": "224751000", "ebitda": "238527000", "netIncome": "140297000"}, {"fiscalDateEnding": "2014-06-30", "reportedCurrency": "USD", "grossProfit": "1088255000", "totalRevenue": "2604457000", "costOfRevenue": "1516202000", "costofGoodsAndServicesSold": "1516202000", "operatingIncome": "193787000", "sellingGeneralAndAdministrative": "884336000", "researchAndDevelopment": "0", "operatingExpenses": "894468000", "investmentIncomeNet": "None", "netInterestIncome": "None", "interestIncome": "None", "interestExpense": "13776000", "nonInterestIncome": "None", "otherNonOperatingIncome": "None", "depreciation": "None", "depreciationAndAmortization": "-207563000", "incomeBeforeTax": "193787000", "incomeTaxExpense": "50177000", "interestAndDebtExpense": "None", "netIncomeFromContinuingOperations": "143610000", "comprehensiveIncomeNetOfTax": "None", "ebit": "193787000", "ebitda": "207563000", "netIncome": "143610000"}, {"fiscalDateEnding": "2014-03-31", "reportedCurrency": "USD", "grossProfit": "1091898000", "totalRevenue": "2444712000", "costOfRevenue": "1352814000", "costofGoodsAndServicesSold": "1352814000", "operatingIncome": "235253000", "sellingGeneralAndAdministrative": "843240000", "researchAndDevelopment": "0", "operatingExpenses": "856645000", "investmentIncomeNet": "None", "netInterestIncome": "None", "interestIncome": "None", "interestExpense": "17065000", "nonInterestIncome": "None", "otherNonOperatingIncome": "None", "depreciation": "None", "depreciationAndAmortization": "-252318000", "incomeBeforeTax": "235253000", "incomeTaxExpense": "98008000", "interestAndDebtExpense": "None", "netIncomeFromContinuingOperations": "137245000", "comprehensiveIncomeNetOfTax": "None", "ebit": "235253000", "ebitda": "252318000", "netIncome": "137245000"}, {"fiscalDateEnding": "2013-12-31", "reportedCurrency": "USD", "grossProfit": "1060868000", "totalRevenue": "2396546000", "costOfRevenue": "1335678000", "costofGoodsAndServicesSold": "1335678000", "operatingIncome": "178537000", "sellingGeneralAndAdministrative": "235961000", "researchAndDevelopment": "0", "operatingExpenses": "882331000", "investmentIncomeNet": "None", "netInterestIncome": "None", "interestIncome": "None", "interestExpense": "20366000", "nonInterestIncome": "None", "otherNonOperatingIncome": "None", "depreciation": "None", "depreciationAndAmortization": "-198903000", "incomeBeforeTax": "178537000", "incomeTaxExpense": "69721000", "interestAndDebtExpense": "None", "netIncomeFromContinuingOperations": "108816000", "comprehensiveIncomeNetOfTax": "None", "ebit": "178537000", "ebitda": "198903000", "netIncome": "108816000"}, {"fiscalDateEnding": "2013-09-30", "reportedCurrency": "USD", "grossProfit": "947994000", "totalRevenue": "2254576000", "costOfRevenue": "1306582000", "costofGoodsAndServicesSold": "1306582000", "operatingIncome": "193971000", "sellingGeneralAndAdministrative": "737326000", "researchAndDevelopment": "0", "operatingExpenses": "754023000", "investmentIncomeNet": "None", "netInterestIncome": "None", "interestIncome": "None", "interestExpense": "20771000", "nonInterestIncome": "None", "otherNonOperatingIncome": "None", "depreciation": "None", "depreciationAndAmortization": "-214742000", "incomeBeforeTax": "193971000", "incomeTaxExpense": "65183000", "interestAndDebtExpense": "None", "netIncomeFromContinuingOperations": "128788000", "comprehensiveIncomeNetOfTax": "None", "ebit": "193971000", "ebitda": "214742000", "netIncome": "128788000"}, {"fiscalDateEnding": "2013-06-30", "reportedCurrency": "USD", "grossProfit": "970285000", "totalRevenue": "2233694000", "costOfRevenue": "1263409000", "costofGoodsAndServicesSold": "1263409000", "operatingIncome": "210767000", "sellingGeneralAndAdministrative": "742070000", "researchAndDevelopment": "0", "operatingExpenses": "759518000", "investmentIncomeNet": "None", "netInterestIncome": "None", "interestIncome": "None", "interestExpense": "21520000", "nonInterestIncome": "None", "otherNonOperatingIncome": "None", "depreciation": "None", "depreciationAndAmortization": "-232287000", "incomeBeforeTax": "210767000", "incomeTaxExpense": "77244000", "interestAndDebtExpense": "None", "netIncomeFromContinuingOperations": "133523000", "comprehensiveIncomeNetOfTax": "None", "ebit": "210767000", "ebitda": "232287000", "netIncome": "133523000"}, {"fiscalDateEnding": "2013-03-31", "reportedCurrency": "USD", "grossProfit": "906381000", "totalRevenue": "2146531000", "costOfRevenue": "1240150000", "costofGoodsAndServicesSold": "1240150000", "operatingIncome": "206424000", "sellingGeneralAndAdministrative": "688971000", "researchAndDevelopment": "0", "operatingExpenses": "699957000", "investmentIncomeNet": "None", "netInterestIncome": "None", "interestIncome": "None", "interestExpense": "15078000", "nonInterestIncome": "None", "otherNonOperatingIncome": "None", "depreciation": "None", "depreciationAndAmortization": "-221502000", "incomeBeforeTax": "206424000", "incomeTaxExpense": "88644000", "interestAndDebtExpense": "None", "netIncomeFromContinuingOperations": "117780000", "comprehensiveIncomeNetOfTax": "None", "ebit": "206424000", "ebitda": "221502000", "netIncome": "117780000"}, {"fiscalDateEnding": "2012-12-31", "reportedCurrency": "USD", "grossProfit": "1111024000", "totalRevenue": "2142563000", "costOfRevenue": "1031539000", "costofGoodsAndServicesSold": "1031539000", "operatingIncome": "34823000", "sellingGeneralAndAdministrative": "716936000", "researchAndDevelopment": "0", "operatingExpenses": "1076201000", "investmentIncomeNet": "None", "netInterestIncome": "None", "interestIncome": "None", "interestExpense": "15078000", "nonInterestIncome": "None", "otherNonOperatingIncome": "None", "depreciation": "None", "depreciationAndAmortization": "-49901000", "incomeBeforeTax": "34823000", "incomeTaxExpense": "9836000", "interestAndDebtExpense": "None", "netIncomeFromContinuingOperations": "0", "comprehensiveIncomeNetOfTax": "None", "ebit": "34823000", "ebitda": "49901000", "netIncome": "24987000"}, {"fiscalDateEnding": "2012-09-30", "reportedCurrency": "USD", "grossProfit": "881004000", "totalRevenue": "2140480000", "costOfRevenue": "1259476000", "costofGoodsAndServicesSold": "1259476000", "operatingIncome": "208619000", "sellingGeneralAndAdministrative": "661907000", "researchAndDevelopment": "0", "operatingExpenses": "672385000", "investmentIncomeNet": "None", "netInterestIncome": "None", "interestIncome": "None", "interestExpense": "15078000", "nonInterestIncome": "None", "otherNonOperatingIncome": "None", "depreciation": "None", "depreciationAndAmortization": "None", "incomeBeforeTax": "208619000", "incomeTaxExpense": "82331000", "interestAndDebtExpense": "None", "netIncomeFromContinuingOperations": "0", "comprehensiveIncomeNetOfTax": "None", "ebit": "208619000", "ebitda": "223697000", "netIncome": "126288000"}, {"fiscalDateEnding": "2012-06-30", "reportedCurrency": "USD", "grossProfit": "917806000", "totalRevenue": "2124694000", "costOfRevenue": "1206888000", "costofGoodsAndServicesSold": "1206888000", "operatingIncome": "264661000", "sellingGeneralAndAdministrative": "642667000", "researchAndDevelopment": "0", "operatingExpenses": "653145000", "investmentIncomeNet": "None", "netInterestIncome": "None", "interestIncome": "None", "interestExpense": "15074000", "nonInterestIncome": "None", "otherNonOperatingIncome": "None", "depreciation": "None", "depreciationAndAmortization": "None", "incomeBeforeTax": "264661000", "incomeTaxExpense": "95491000", "interestAndDebtExpense": "None", "netIncomeFromContinuingOperations": "0", "comprehensiveIncomeNetOfTax": "None", "ebit": "264661000", "ebitda": "279735000", "netIncome": "169170000"}, {"fiscalDateEnding": "2012-03-31", "reportedCurrency": "USD", "grossProfit": "870187000", "totalRevenue": "2068303000", "costOfRevenue": "1198116000", "costofGoodsAndServicesSold": "1198116000", "operatingIncome": "249648000", "sellingGeneralAndAdministrative": "610084000", "researchAndDevelopment": "0", "operatingExpenses": "620539000", "investmentIncomeNet": "None", "netInterestIncome": "None", "interestIncome": "None", "interestExpense": "15076000", "nonInterestIncome": "None", "otherNonOperatingIncome": "None", "depreciation": "None", "depreciationAndAmortization": "None", "incomeBeforeTax": "249648000", "incomeTaxExpense": "86388000", "interestAndDebtExpense": "None", "netIncomeFromContinuingOperations": "0", "comprehensiveIncomeNetOfTax": "None", "ebit": "249648000", "ebitda": "264724000", "netIncome": "163260000"}, {"fiscalDateEnding": "2011-12-31", "reportedCurrency": "USD", "grossProfit": "1237904000", "totalRevenue": "2111531000", "costOfRevenue": "873627000", "costofGoodsAndServicesSold": "873627000", "operatingIncome": "253089000", "sellingGeneralAndAdministrative": "607884000", "researchAndDevelopment": "0", "operatingExpenses": "984815000", "investmentIncomeNet": "None", "netInterestIncome": "None", "interestIncome": "None", "interestExpense": "15076000", "nonInterestIncome": "None", "otherNonOperatingIncome": "None", "depreciation": "None", "depreciationAndAmortization": "None", "incomeBeforeTax": "253089000", "incomeTaxExpense": "90834000", "interestAndDebtExpense": "None", "netIncomeFromContinuingOperations": "0", "comprehensiveIncomeNetOfTax": "None", "ebit": "253089000", "ebitda": "268165000", "netIncome": "162255000"}, {"fiscalDateEnding": "2011-09-30", "reportedCurrency": "USD", "grossProfit": "1064284000", "totalRevenue": "2061715000", "costOfRevenue": "997431000", "costofGoodsAndServicesSold": "997431000", "operatingIncome": "112423000", "sellingGeneralAndAdministrative": "596110000", "researchAndDevelopment": "0", "operatingExpenses": "951861000", "investmentIncomeNet": "None", "netInterestIncome": "None", "interestIncome": "None", "interestExpense": "15078000", "nonInterestIncome": "None", "otherNonOperatingIncome": "None", "depreciation": "None", "depreciationAndAmortization": "None", "incomeBeforeTax": "112423000", "incomeTaxExpense": "38386000", "interestAndDebtExpense": "None", "netIncomeFromContinuingOperations": "75983000", "comprehensiveIncomeNetOfTax": "None", "ebit": "115309000", "ebitda": "127501000", "netIncome": "74037000"}, {"fiscalDateEnding": "2011-06-30", "reportedCurrency": "USD", "grossProfit": "1076043000", "totalRevenue": "2062887000", "costOfRevenue": "986844000", "costofGoodsAndServicesSold": "986844000", "operatingIncome": "130642000", "sellingGeneralAndAdministrative": "598728000", "researchAndDevelopment": "0", "operatingExpenses": "945401000", "investmentIncomeNet": "None", "netInterestIncome": "None", "interestIncome": "None", "interestExpense": "15075000", "nonInterestIncome": "None", "otherNonOperatingIncome": "None", "depreciation": "None", "depreciationAndAmortization": "None", "incomeBeforeTax": "130642000", "incomeTaxExpense": "-34374000", "interestAndDebtExpense": "None", "netIncomeFromContinuingOperations": "165860000", "comprehensiveIncomeNetOfTax": "None", "ebit": "131928000", "ebitda": "145717000", "netIncome": "165016000"}, {"fiscalDateEnding": "2011-03-31", "reportedCurrency": "USD", "grossProfit": "1143643000", "totalRevenue": "2036671000", "costOfRevenue": "893028000", "costofGoodsAndServicesSold": "893028000", "operatingIncome": "214426000", "sellingGeneralAndAdministrative": "588546000", "researchAndDevelopment": "0", "operatingExpenses": "929217000", "investmentIncomeNet": "None", "netInterestIncome": "None", "interestIncome": "None", "interestExpense": "15131000", "nonInterestIncome": "None", "otherNonOperatingIncome": "None", "depreciation": "None", "depreciationAndAmortization": "None", "incomeBeforeTax": "214426000", "incomeTaxExpense": "73675000", "interestAndDebtExpense": "None", "netIncomeFromContinuingOperations": "141741000", "comprehensiveIncomeNetOfTax": "None", "ebit": "214629000", "ebitda": "229557000", "netIncome": "140751000"}, {"fiscalDateEnding": "2010-12-31", "reportedCurrency": "USD", "grossProfit": "1211188000", "totalRevenue": "2105601000", "costOfRevenue": "894413000", "costofGoodsAndServicesSold": "894413000", "operatingIncome": "-122110000", "sellingGeneralAndAdministrative": "634668000", "researchAndDevelopment": "0", "operatingExpenses": "1333298000", "investmentIncomeNet": "None", "netInterestIncome": "None", "interestIncome": "None", "interestExpense": "15162000", "nonInterestIncome": "None", "otherNonOperatingIncome": "None", "depreciation": "None", "depreciationAndAmortization": "None", "incomeBeforeTax": "-122110000", "incomeTaxExpense": "62281000", "interestAndDebtExpense": "None", "netIncomeFromContinuingOperations": "0", "comprehensiveIncomeNetOfTax": "None", "ebit": "-122110000", "ebitda": "-106948000", "netIncome": "-184391000"}, {"fiscalDateEnding": "2010-09-30", "reportedCurrency": "USD", "grossProfit": "1200718000", "totalRevenue": "2113971000", "costOfRevenue": "913253000", "costofGoodsAndServicesSold": "913253000", "operatingIncome": "226732000", "sellingGeneralAndAdministrative": "581974000", "researchAndDevelopment": "0", "operatingExpenses": "973986000", "investmentIncomeNet": "None", "netInterestIncome": "None", "interestIncome": "None", "interestExpense": "15162000", "nonInterestIncome": "None", "otherNonOperatingIncome": "None", "depreciation": "None", "depreciationAndAmortization": "None", "incomeBeforeTax": "226732000", "incomeTaxExpense": "85062000", "interestAndDebtExpense": "None", "netIncomeFromContinuingOperations": "0", "comprehensiveIncomeNetOfTax": "None", "ebit": "226732000", "ebitda": "241894000", "netIncome": "141670000"}, {"fiscalDateEnding": "2010-06-30", "reportedCurrency": "USD", "grossProfit": "1234978000", "totalRevenue": "2140294000", "costOfRevenue": "905316000", "costofGoodsAndServicesSold": "905316000", "operatingIncome": "253456000", "sellingGeneralAndAdministrative": "604244000", "researchAndDevelopment": "0", "operatingExpenses": "981522000", "investmentIncomeNet": "None", "netInterestIncome": "None", "interestIncome": "None", "interestExpense": "15161000", "nonInterestIncome": "None", "otherNonOperatingIncome": "None", "depreciation": "None", "depreciationAndAmortization": "None", "incomeBeforeTax": "253456000", "incomeTaxExpense": "88781000", "interestAndDebtExpense": "None", "netIncomeFromContinuingOperations": "0", "comprehensiveIncomeNetOfTax": "None", "ebit": "253456000", "ebitda": "268617000", "netIncome": "164675000"}, {"fiscalDateEnding": "2010-03-31", "reportedCurrency": "USD", "grossProfit": "1239860000", "totalRevenue": "2167856000", "costOfRevenue": "927996000", "costofGoodsAndServicesSold": "927996000", "operatingIncome": "248366000", "sellingGeneralAndAdministrative": "571149000", "researchAndDevelopment": "0", "operatingExpenses": "991494000", "investmentIncomeNet": "None", "netInterestIncome": "None", "interestIncome": "None", "interestExpense": "15161000", "nonInterestIncome": "None", "otherNonOperatingIncome": "None", "depreciation": "None", "depreciationAndAmortization": "None", "incomeBeforeTax": "248366000", "incomeTaxExpense": "91143000", "interestAndDebtExpense": "None", "netIncomeFromContinuingOperations": "0", "comprehensiveIncomeNetOfTax": "None", "ebit": "248366000", "ebitda": "263527000", "netIncome": "157223000"}, {"fiscalDateEnding": "2009-12-31", "reportedCurrency": "USD", "grossProfit": "1205049000", "totalRevenue": "2182142000", "costOfRevenue": "977093000", "costofGoodsAndServicesSold": "977093000", "operatingIncome": "61155000", "sellingGeneralAndAdministrative": "620523000", "researchAndDevelopment": "0", "operatingExpenses": "1143894000", "investmentIncomeNet": "None", "netInterestIncome": "None", "interestIncome": "None", "interestExpense": "15160000", "nonInterestIncome": "None", "otherNonOperatingIncome": "None", "depreciation": "None", "depreciationAndAmortization": "None", "incomeBeforeTax": "61155000", "incomeTaxExpense": "49214000", "interestAndDebtExpense": "None", "netIncomeFromContinuingOperations": "0", "comprehensiveIncomeNetOfTax": "None", "ebit": "61155000", "ebitda": "76315000", "netIncome": "11941000"}, {"fiscalDateEnding": "2009-09-30", "reportedCurrency": "USD", "grossProfit": "1215728000", "totalRevenue": "2156873000", "costOfRevenue": "941145000", "costofGoodsAndServicesSold": "941145000", "operatingIncome": "209066000", "sellingGeneralAndAdministrative": "601120000", "researchAndDevelopment": "0", "operatingExpenses": "1006662000", "investmentIncomeNet": "None", "netInterestIncome": "None", "interestIncome": "None", "interestExpense": "15160000", "nonInterestIncome": "None", "otherNonOperatingIncome": "None", "depreciation": "None", "depreciationAndAmortization": "None", "incomeBeforeTax": "209066000", "incomeTaxExpense": "64336000", "interestAndDebtExpense": "None", "netIncomeFromContinuingOperations": "0", "comprehensiveIncomeNetOfTax": "None", "ebit": "209066000", "ebitda": "224226000", "netIncome": "144730000"}, {"fiscalDateEnding": "2009-06-30", "reportedCurrency": "USD", "grossProfit": "1284207000", "totalRevenue": "2273609000", "costOfRevenue": "989402000", "costofGoodsAndServicesSold": "989402000", "operatingIncome": "281518000", "sellingGeneralAndAdministrative": "589036000", "researchAndDevelopment": "0", "operatingExpenses": "1002689000", "investmentIncomeNet": "None", "netInterestIncome": "None", "interestIncome": "None", "interestExpense": "15160000", "nonInterestIncome": "None", "otherNonOperatingIncome": "None", "depreciation": "None", "depreciationAndAmortization": "None", "incomeBeforeTax": "281518000", "incomeTaxExpense": "88196000", "interestAndDebtExpense": "None", "netIncomeFromContinuingOperations": "0", "comprehensiveIncomeNetOfTax": "None", "ebit": "281518000", "ebitda": "296678000", "netIncome": "193322000"}, {"fiscalDateEnding": "2009-03-31", "reportedCurrency": "USD", "grossProfit": "1127535000", "totalRevenue": "2087877000", "costOfRevenue": "960342000", "costofGoodsAndServicesSold": "960342000", "operatingIncome": "157867000", "sellingGeneralAndAdministrative": "566685000", "researchAndDevelopment": "0", "operatingExpenses": "969668000", "investmentIncomeNet": "None", "netInterestIncome": "None", "interestIncome": "None", "interestExpense": "15189000", "nonInterestIncome": "None", "otherNonOperatingIncome": "None", "depreciation": "None", "depreciationAndAmortization": "None", "incomeBeforeTax": "157867000", "incomeTaxExpense": "77286000", "interestAndDebtExpense": "None", "netIncomeFromContinuingOperations": "0", "comprehensiveIncomeNetOfTax": "None", "ebit": "157867000", "ebitda": "173056000", "netIncome": "80581000"}, {"fiscalDateEnding": "2008-12-31", "reportedCurrency": "USD", "grossProfit": "1232176000", "totalRevenue": "2220608000", "costOfRevenue": "988432000", "costofGoodsAndServicesSold": "988432000", "operatingIncome": "191456000", "sellingGeneralAndAdministrative": "606916000", "researchAndDevelopment": "0", "operatingExpenses": "1040720000", "investmentIncomeNet": "None", "netInterestIncome": "None", "interestIncome": "None", "interestExpense": "15188000", "nonInterestIncome": "None", "otherNonOperatingIncome": "None", "depreciation": "None", "depreciationAndAmortization": "None", "incomeBeforeTax": "191456000", "incomeTaxExpense": "9015000", "interestAndDebtExpense": "None", "netIncomeFromContinuingOperations": "0", "comprehensiveIncomeNetOfTax": "None", "ebit": "191456000", "ebitda": "206644000", "netIncome": "182441000"}, {"fiscalDateEnding": "2008-09-30", "reportedCurrency": "USD", "grossProfit": "859487000", "totalRevenue": "1954535000", "costOfRevenue": "1095048000", "costofGoodsAndServicesSold": "1095048000", "operatingIncome": "-163520000", "sellingGeneralAndAdministrative": "585050000", "researchAndDevelopment": "0", "operatingExpenses": "1023007000", "investmentIncomeNet": "None", "netInterestIncome": "None", "interestIncome": "None", "interestExpense": "15190000", "nonInterestIncome": "None", "otherNonOperatingIncome": "None", "depreciation": "None", "depreciationAndAmortization": "None", "incomeBeforeTax": "-163520000", "incomeTaxExpense": "-52091000", "interestAndDebtExpense": "None", "netIncomeFromContinuingOperations": "0", "comprehensiveIncomeNetOfTax": "None", "ebit": "-163520000", "ebitda": "-148330000", "netIncome": "-111429000"}, {"fiscalDateEnding": "2008-06-30", "reportedCurrency": "USD", "grossProfit": "1250552000", "totalRevenue": "2248760000", "costOfRevenue": "998208000", "costofGoodsAndServicesSold": "998208000", "operatingIncome": "249414000", "sellingGeneralAndAdministrative": "560763000", "researchAndDevelopment": "0", "operatingExpenses": "1001138000", "investmentIncomeNet": "None", "netInterestIncome": "None", "interestIncome": "None", "interestExpense": "15287000", "nonInterestIncome": "None", "otherNonOperatingIncome": "None", "depreciation": "None", "depreciationAndAmortization": "None", "incomeBeforeTax": "249414000", "incomeTaxExpense": "59460000", "interestAndDebtExpense": "None", "netIncomeFromContinuingOperations": "0", "comprehensiveIncomeNetOfTax": "None", "ebit": "249414000", "ebitda": "264701000", "netIncome": "189954000"}, {"fiscalDateEnding": "2008-03-31", "reportedCurrency": "USD", "grossProfit": "834658000", "totalRevenue": "2177325000", "costOfRevenue": "1342667000", "costofGoodsAndServicesSold": "1342667000", "operatingIncome": "285928000", "sellingGeneralAndAdministrative": "533442000", "researchAndDevelopment": "0", "operatingExpenses": "548730000", "investmentIncomeNet": "None", "netInterestIncome": "None", "interestIncome": "None", "interestExpense": "15288000", "nonInterestIncome": "None", "otherNonOperatingIncome": "None", "depreciation": "None", "depreciationAndAmortization": "None", "incomeBeforeTax": "285928000", "incomeTaxExpense": "99098000", "interestAndDebtExpense": "None", "netIncomeFromContinuingOperations": "0", "comprehensiveIncomeNetOfTax": "None", "ebit": "285928000", "ebitda": "301216000", "netIncome": "186830000"}, {"fiscalDateEnding": "2007-12-31", "reportedCurrency": "USD", "grossProfit": "805218000", "totalRevenue": "2183333000", "costOfRevenue": "1378115000", "costofGoodsAndServicesSold": "1378115000", "operatingIncome": "196903000", "sellingGeneralAndAdministrative": "593018000", "researchAndDevelopment": "0", "operatingExpenses": "608315000", "investmentIncomeNet": "None", "netInterestIncome": "None", "interestIncome": "None", "interestExpense": "15297000", "nonInterestIncome": "None", "otherNonOperatingIncome": "None", "depreciation": "None", "depreciationAndAmortization": "None", "incomeBeforeTax": "196903000", "incomeTaxExpense": "76085000", "interestAndDebtExpense": "None", "netIncomeFromContinuingOperations": "0", "comprehensiveIncomeNetOfTax": "None", "ebit": "196903000", "ebitda": "212200000", "netIncome": "120818000"}, {"fiscalDateEnding": "2007-09-30", "reportedCurrency": "USD", "grossProfit": "852891000", "totalRevenue": "2148192000", "costOfRevenue": "1295301000", "costofGoodsAndServicesSold": "1295301000", "operatingIncome": "284145000", "sellingGeneralAndAdministrative": "553458000", "researchAndDevelopment": "0", "operatingExpenses": "568746000", "investmentIncomeNet": "None", "netInterestIncome": "None", "interestIncome": "None", "interestExpense": "15288000", "nonInterestIncome": "None", "otherNonOperatingIncome": "None", "depreciation": "None", "depreciationAndAmortization": "None", "incomeBeforeTax": "284145000", "incomeTaxExpense": "96954000", "interestAndDebtExpense": "None", "netIncomeFromContinuingOperations": "0", "comprehensiveIncomeNetOfTax": "None", "ebit": "284145000", "ebitda": "299433000", "netIncome": "187191000"}, {"fiscalDateEnding": "2007-06-30", "reportedCurrency": "USD", "grossProfit": "807629000", "totalRevenue": "2064727000", "costOfRevenue": "1257098000", "costofGoodsAndServicesSold": "1257098000", "operatingIncome": "252474000", "sellingGeneralAndAdministrative": "539859000", "researchAndDevelopment": "0", "operatingExpenses": "555155000", "investmentIncomeNet": "None", "netInterestIncome": "None", "interestIncome": "None", "interestExpense": "15296000", "nonInterestIncome": "None", "otherNonOperatingIncome": "None", "depreciation": "None", "depreciationAndAmortization": "None", "incomeBeforeTax": "252474000", "incomeTaxExpense": "86194000", "interestAndDebtExpense": "None", "netIncomeFromContinuingOperations": "0", "comprehensiveIncomeNetOfTax": "None", "ebit": "252474000", "ebitda": "267770000", "netIncome": "166280000"}, {"fiscalDateEnding": "2007-03-31", "reportedCurrency": "USD", "grossProfit": "848027000", "totalRevenue": "2057263000", "costOfRevenue": "1209236000", "costofGoodsAndServicesSold": "1209236000", "operatingIncome": "277518000", "sellingGeneralAndAdministrative": "555212000", "researchAndDevelopment": "0", "operatingExpenses": "570509000", "investmentIncomeNet": "None", "netInterestIncome": "None", "interestIncome": "None", "interestExpense": "15297000", "nonInterestIncome": "None", "otherNonOperatingIncome": "None", "depreciation": "None", "depreciationAndAmortization": "None", "incomeBeforeTax": "277518000", "incomeTaxExpense": "98061000", "interestAndDebtExpense": "None", "netIncomeFromContinuingOperations": "0", "comprehensiveIncomeNetOfTax": "None", "ebit": "277518000", "ebitda": "292815000", "netIncome": "179457000"}, {"fiscalDateEnding": "2006-12-31", "reportedCurrency": "USD", "grossProfit": "1004309000", "totalRevenue": "2207633000", "costOfRevenue": "1203324000", "costofGoodsAndServicesSold": "1203324000", "operatingIncome": "390182000", "sellingGeneralAndAdministrative": "598821000", "researchAndDevelopment": "0", "operatingExpenses": "614127000", "investmentIncomeNet": "None", "netInterestIncome": "None", "interestIncome": "None", "interestExpense": "15306000", "nonInterestIncome": "None", "otherNonOperatingIncome": "None", "depreciation": "None", "depreciationAndAmortization": "None", "incomeBeforeTax": "390182000", "incomeTaxExpense": "137675000", "interestAndDebtExpense": "None", "netIncomeFromContinuingOperations": "0", "comprehensiveIncomeNetOfTax": "None", "ebit": "390182000", "ebitda": "405488000", "netIncome": "252507000"}, {"fiscalDateEnding": "2006-09-30", "reportedCurrency": "USD", "grossProfit": "797390000", "totalRevenue": "1984079000", "costOfRevenue": "1186689000", "costofGoodsAndServicesSold": "1186689000", "operatingIncome": "231041000", "sellingGeneralAndAdministrative": "551042000", "researchAndDevelopment": "0", "operatingExpenses": "566349000", "investmentIncomeNet": "None", "netInterestIncome": "None", "interestIncome": "None", "interestExpense": "15307000", "nonInterestIncome": "None", "otherNonOperatingIncome": "None", "depreciation": "None", "depreciationAndAmortization": "None", "incomeBeforeTax": "231041000", "incomeTaxExpense": "79738000", "interestAndDebtExpense": "None", "netIncomeFromContinuingOperations": "0", "comprehensiveIncomeNetOfTax": "None", "ebit": "231041000", "ebitda": "246348000", "netIncome": "151303000"}, {"fiscalDateEnding": "2006-06-30", "reportedCurrency": "USD", "grossProfit": "790105000", "totalRevenue": "1949090000", "costOfRevenue": "1158985000", "costofGoodsAndServicesSold": "1158985000", "operatingIncome": "232163000", "sellingGeneralAndAdministrative": "542627000", "researchAndDevelopment": "0", "operatingExpenses": "557942000", "investmentIncomeNet": "None", "netInterestIncome": "None", "interestIncome": "None", "interestExpense": "15315000", "nonInterestIncome": "None", "otherNonOperatingIncome": "None", "depreciation": "None", "depreciationAndAmortization": "None", "incomeBeforeTax": "232163000", "incomeTaxExpense": "81027000", "interestAndDebtExpense": "None", "netIncomeFromContinuingOperations": "0", "comprehensiveIncomeNetOfTax": "None", "ebit": "232163000", "ebitda": "247478000", "netIncome": "151136000"}, {"fiscalDateEnding": "2006-03-31", "reportedCurrency": "USD", "grossProfit": "754720000", "totalRevenue": "1929782000", "costOfRevenue": "1175062000", "costofGoodsAndServicesSold": "1175062000", "operatingIncome": "242356000", "sellingGeneralAndAdministrative": "497049000", "researchAndDevelopment": "0", "operatingExpenses": "512364000", "investmentIncomeNet": "None", "netInterestIncome": "None", "interestIncome": "None", "interestExpense": "15315000", "nonInterestIncome": "None", "otherNonOperatingIncome": "None", "depreciation": "None", "depreciationAndAmortization": "None", "incomeBeforeTax": "242356000", "incomeTaxExpense": "81431000", "interestAndDebtExpense": "None", "netIncomeFromContinuingOperations": "0", "comprehensiveIncomeNetOfTax": "None", "ebit": "242356000", "ebitda": "257671000", "netIncome": "162472000"}, {"fiscalDateEnding": "2005-12-31", "reportedCurrency": "USD", "grossProfit": "793744000", "totalRevenue": "1881577000", "costOfRevenue": "1087833000", "costofGoodsAndServicesSold": "1087833000", "operatingIncome": "149412000", "sellingGeneralAndAdministrative": "629017000", "researchAndDevelopment": "0", "operatingExpenses": "644332000", "investmentIncomeNet": "None", "netInterestIncome": "None", "interestIncome": "None", "interestExpense": "15315000", "nonInterestIncome": "None", "otherNonOperatingIncome": "None", "depreciation": "None", "depreciationAndAmortization": "None", "incomeBeforeTax": "149412000", "incomeTaxExpense": "12366000", "interestAndDebtExpense": "None", "netIncomeFromContinuingOperations": "0", "comprehensiveIncomeNetOfTax": "None", "ebit": "149412000", "ebitda": "164727000", "netIncome": "137046000"}]}