{"symbol": "AMKR", "annualReports": [{"fiscalDateEnding": "2025-12-31", "reportedCurrency": "None", "grossProfit": "938599000", "totalRevenue": "6707981000", "costOfRevenue": "5769382000", "costofGoodsAndServicesSold": "5769382000", "operatingIncome": "467385000", "sellingGeneralAndAdministrative": "None", "researchAndDevelopment": "166743000", "operatingExpenses": "471214000", "investmentIncomeNet": "None", "netInterestIncome": "None", "interestIncome": "None", "interestExpense": "75444000", "nonInterestIncome": "None", "otherNonOperatingIncome": "None", "depreciation": "None", "depreciationAndAmortization": "None", "incomeBeforeTax": "444619000", "incomeTaxExpense": "68503000", "interestAndDebtExpense": "None", "netIncomeFromContinuingOperations": "None", "comprehensiveIncomeNetOfTax": "None", "ebit": "None", "ebitda": "467385000", "netIncome": "373895000"}, {"fiscalDateEnding": "2024-12-31", "reportedCurrency": "USD", "grossProfit": "933212000", "totalRevenue": "6317692000", "costOfRevenue": "5384480000", "costofGoodsAndServicesSold": "5384480000", "operatingIncome": "438455000", "sellingGeneralAndAdministrative": "331806000", "researchAndDevelopment": "162951000", "operatingExpenses": "494757000", "investmentIncomeNet": "None", "netInterestIncome": "596000", "interestIncome": "65541000", "interestExpense": "64945000", "nonInterestIncome": "None", "otherNonOperatingIncome": "None", "depreciation": "None", "depreciationAndAmortization": "594663000", "incomeBeforeTax": "431016000", "incomeTaxExpense": "75481000", "interestAndDebtExpense": "None", "netIncomeFromContinuingOperations": "355535000", "comprehensiveIncomeNetOfTax": "None", "ebit": "495961000", "ebitda": "1090624000", "netIncome": "354012000"}, {"fiscalDateEnding": "2023-12-31", "reportedCurrency": "USD", "grossProfit": "943153000", "totalRevenue": "6503065000", "costOfRevenue": "5559912000", "costofGoodsAndServicesSold": "5559912000", "operatingIncome": "470287000", "sellingGeneralAndAdministrative": "286149000", "researchAndDevelopment": "177473000", "operatingExpenses": "472866000", "investmentIncomeNet": "None", "netInterestIncome": "-17692000", "interestIncome": "40773000", "interestExpense": "59000000", "nonInterestIncome": "None", "otherNonOperatingIncome": "None", "depreciation": "None", "depreciationAndAmortization": "631508000", "incomeBeforeTax": "443841000", "incomeTaxExpense": "81710000", "interestAndDebtExpense": "None", "netIncomeFromContinuingOperations": "407007000", "comprehensiveIncomeNetOfTax": "None", "ebit": "470287000", "ebitda": "470287000", "netIncome": "359813000"}, {"fiscalDateEnding": "2022-12-31", "reportedCurrency": "USD", "grossProfit": "1329987000", "totalRevenue": "7091585000", "costOfRevenue": "5761598000", "costofGoodsAndServicesSold": "5761598000", "operatingIncome": "897186000", "sellingGeneralAndAdministrative": "283372000", "researchAndDevelopment": "149429000", "operatingExpenses": "432801000", "investmentIncomeNet": "None", "netInterestIncome": "-58563000", "interestIncome": "12762000", "interestExpense": "58563000", "nonInterestIncome": "None", "otherNonOperatingIncome": "18309000", "depreciation": "None", "depreciationAndAmortization": "612702000", "incomeBeforeTax": "856932000", "incomeTaxExpense": "89890000", "interestAndDebtExpense": "None", "netIncomeFromContinuingOperations": "767042000", "comprehensiveIncomeNetOfTax": "None", "ebit": "915495000", "ebitda": "1528197000", "netIncome": "765823000"}, {"fiscalDateEnding": "2021-12-31", "reportedCurrency": "USD", "grossProfit": "1225554000", "totalRevenue": "6138329000", "costOfRevenue": "4912775000", "costofGoodsAndServicesSold": "4912775000", "operatingIncome": "763433000", "sellingGeneralAndAdministrative": "296084000", "researchAndDevelopment": "166037000", "operatingExpenses": "462121000", "investmentIncomeNet": "None", "netInterestIncome": "-51508000", "interestIncome": "1065000", "interestExpense": "51508000", "nonInterestIncome": "None", "otherNonOperatingIncome": "3141000", "depreciation": "None", "depreciationAndAmortization": "563582000", "incomeBeforeTax": "715066000", "incomeTaxExpense": "69459000", "interestAndDebtExpense": "None", "netIncomeFromContinuingOperations": "645607000", "comprehensiveIncomeNetOfTax": "None", "ebit": "766574000", "ebitda": "1330156000", "netIncome": "642995000"}, {"fiscalDateEnding": "2020-12-31", "reportedCurrency": "USD", "grossProfit": "900814000", "totalRevenue": "5050589000", "costOfRevenue": "4149775000", "costofGoodsAndServicesSold": "4149775000", "operatingIncome": "457245000", "sellingGeneralAndAdministrative": "302842000", "researchAndDevelopment": "140727000", "operatingExpenses": "443569000", "investmentIncomeNet": "None", "netInterestIncome": "-64168000", "interestIncome": "5449000", "interestExpense": "64168000", "nonInterestIncome": "None", "otherNonOperatingIncome": "-6395000", "depreciation": "None", "depreciationAndAmortization": "510396000", "incomeBeforeTax": "386682000", "incomeTaxExpense": "46183000", "interestAndDebtExpense": "None", "netIncomeFromContinuingOperations": "340499000", "comprehensiveIncomeNetOfTax": "None", "ebit": "450850000", "ebitda": "961246000", "netIncome": "338138000"}, {"fiscalDateEnding": "2019-12-31", "reportedCurrency": "USD", "grossProfit": "649439000", "totalRevenue": "4052650000", "costOfRevenue": "3403211000", "costofGoodsAndServicesSold": "3403211000", "operatingIncome": "233170000", "sellingGeneralAndAdministrative": "281933000", "researchAndDevelopment": "137638000", "operatingExpenses": "419571000", "investmentIncomeNet": "None", "netInterestIncome": "-64932000", "interestIncome": "6655000", "interestExpense": "71587000", "nonInterestIncome": "None", "otherNonOperatingIncome": "-1773000", "depreciation": "None", "depreciationAndAmortization": "524177000", "incomeBeforeTax": "159810000", "incomeTaxExpense": "37182000", "interestAndDebtExpense": "None", "netIncomeFromContinuingOperations": "122628000", "comprehensiveIncomeNetOfTax": "None", "ebit": "234712000", "ebitda": "758889000", "netIncome": "120888000"}, {"fiscalDateEnding": "2018-12-31", "reportedCurrency": "USD", "grossProfit": "710565000", "totalRevenue": "4316466000", "costOfRevenue": "3605901000", "costofGoodsAndServicesSold": "3605901000", "operatingIncome": "258144000", "sellingGeneralAndAdministrative": "295239000", "researchAndDevelopment": "157182000", "operatingExpenses": "452421000", "investmentIncomeNet": "None", "netInterestIncome": "-74813000", "interestIncome": "4133000", "interestExpense": "78946000", "nonInterestIncome": "None", "otherNonOperatingIncome": "6617000", "depreciation": "None", "depreciationAndAmortization": "571961000", "incomeBeforeTax": "185815000", "incomeTaxExpense": "56250000", "interestAndDebtExpense": "None", "netIncomeFromContinuingOperations": "129565000", "comprehensiveIncomeNetOfTax": "None", "ebit": "264761000", "ebitda": "836722000", "netIncome": "127092000"}, {"fiscalDateEnding": "2017-12-31", "reportedCurrency": "USD", "grossProfit": "757273000", "totalRevenue": "4186497000", "costOfRevenue": "3429224000", "costofGoodsAndServicesSold": "3429224000", "operatingIncome": "293204000", "sellingGeneralAndAdministrative": "297455000", "researchAndDevelopment": "166614000", "operatingExpenses": "464069000", "investmentIncomeNet": "None", "netInterestIncome": "-82339000", "interestIncome": "3215000", "interestExpense": "85554000", "nonInterestIncome": "None", "otherNonOperatingIncome": "-11889000", "depreciation": "None", "depreciationAndAmortization": "581940000", "incomeBeforeTax": "303870000", "incomeTaxExpense": "38982000", "interestAndDebtExpense": "None", "netIncomeFromContinuingOperations": "264888000", "comprehensiveIncomeNetOfTax": "None", "ebit": "297787000", "ebitda": "879727000", "netIncome": "260706000"}, {"fiscalDateEnding": "2016-12-31", "reportedCurrency": "USD", "grossProfit": "695477000", "totalRevenue": "3893635000", "costOfRevenue": "3198158000", "costofGoodsAndServicesSold": "3198158000", "operatingIncome": "293940000", "sellingGeneralAndAdministrative": "284331000", "researchAndDevelopment": "117206000", "operatingExpenses": "401537000", "investmentIncomeNet": "None", "netInterestIncome": "-83311000", "interestIncome": "1326000", "interestExpense": "84637000", "nonInterestIncome": "None", "otherNonOperatingIncome": "5854000", "depreciation": "None", "depreciationAndAmortization": "555186000", "incomeBeforeTax": "215157000", "incomeTaxExpense": "47853000", "interestAndDebtExpense": "None", "netIncomeFromContinuingOperations": "167304000", "comprehensiveIncomeNetOfTax": "None", "ebit": "308477000", "ebitda": "863663000", "netIncome": "164190000"}, {"fiscalDateEnding": "2015-12-31", "reportedCurrency": "USD", "grossProfit": "479265000", "totalRevenue": "2884603000", "costOfRevenue": "2405338000", "costofGoodsAndServicesSold": "2405338000", "operatingIncome": "165594000", "sellingGeneralAndAdministrative": "232409000", "researchAndDevelopment": "82017000", "operatingExpenses": "313671000", "investmentIncomeNet": "None", "netInterestIncome": "None", "interestIncome": "75988000", "interestExpense": "86376000", "nonInterestIncome": "None", "otherNonOperatingIncome": "9179000", "depreciation": "None", "depreciationAndAmortization": "494200000", "incomeBeforeTax": "68290000", "incomeTaxExpense": "28035000", "interestAndDebtExpense": "None", "netIncomeFromContinuingOperations": "39500000", "comprehensiveIncomeNetOfTax": "None", "ebit": "164839000", "ebitda": "659039000", "netIncome": "57567000"}, {"fiscalDateEnding": "2014-12-31", "reportedCurrency": "USD", "grossProfit": "552822000", "totalRevenue": "3129440000", "costOfRevenue": "2576618000", "costofGoodsAndServicesSold": "2576618000", "operatingIncome": "221460000", "sellingGeneralAndAdministrative": "254498000", "researchAndDevelopment": "76864000", "operatingExpenses": "331362000", "investmentIncomeNet": "None", "netInterestIncome": "None", "interestIncome": "None", "interestExpense": "109925000", "nonInterestIncome": "None", "otherNonOperatingIncome": "56197000", "depreciation": "None", "depreciationAndAmortization": "464706000", "incomeBeforeTax": "136078000", "incomeTaxExpense": "33845000", "interestAndDebtExpense": "None", "netIncomeFromContinuingOperations": "102233000", "comprehensiveIncomeNetOfTax": "None", "ebit": "296760000", "ebitda": "761466000", "netIncome": "130386000"}, {"fiscalDateEnding": "2013-12-31", "reportedCurrency": "USD", "grossProfit": "544513000", "totalRevenue": "2956450000", "costOfRevenue": "2411937000", "costofGoodsAndServicesSold": "2411937000", "operatingIncome": "232109000", "sellingGeneralAndAdministrative": "247779000", "researchAndDevelopment": "64625000", "operatingExpenses": "312404000", "investmentIncomeNet": "None", "netInterestIncome": "None", "interestIncome": "None", "interestExpense": "105908000", "nonInterestIncome": "None", "otherNonOperatingIncome": "8102000", "depreciation": "None", "depreciationAndAmortization": "410346000", "incomeBeforeTax": "123987000", "incomeTaxExpense": "22646000", "interestAndDebtExpense": "None", "netIncomeFromContinuingOperations": "101341000", "comprehensiveIncomeNetOfTax": "None", "ebit": "242109000", "ebitda": "652455000", "netIncome": "109296000"}, {"fiscalDateEnding": "2012-12-31", "reportedCurrency": "USD", "grossProfit": "444410000", "totalRevenue": "2759846000", "costOfRevenue": "2315436000", "costofGoodsAndServicesSold": "2315436000", "operatingIncome": "173292000", "sellingGeneralAndAdministrative": "217000000", "researchAndDevelopment": "54118000", "operatingExpenses": "271118000", "investmentIncomeNet": "None", "netInterestIncome": "None", "interestIncome": "None", "interestExpense": "97943000", "nonInterestIncome": "None", "otherNonOperatingIncome": "4954000", "depreciation": "None", "depreciationAndAmortization": "370479000", "incomeBeforeTax": "81903000", "incomeTaxExpense": "19001000", "interestAndDebtExpense": "None", "netIncomeFromContinuingOperations": "42702000", "comprehensiveIncomeNetOfTax": "None", "ebit": "157646000", "ebitda": "528125000", "netIncome": "62018000"}, {"fiscalDateEnding": "2011-12-31", "reportedCurrency": "USD", "grossProfit": "490569000", "totalRevenue": "2776359000", "costOfRevenue": "2285790000", "costofGoodsAndServicesSold": "2285790000", "operatingIncome": "193670000", "sellingGeneralAndAdministrative": "246513000", "researchAndDevelopment": "50386000", "operatingExpenses": "296899000", "investmentIncomeNet": "None", "netInterestIncome": "None", "interestIncome": "None", "interestExpense": "86606000", "nonInterestIncome": "None", "otherNonOperatingIncome": "None", "depreciation": "None", "depreciationAndAmortization": "335644000", "incomeBeforeTax": "100219000", "incomeTaxExpense": "7124000", "interestAndDebtExpense": "None", "netIncomeFromContinuingOperations": "None", "comprehensiveIncomeNetOfTax": "None", "ebit": "186825000", "ebitda": "522469000", "netIncome": "91808000"}, {"fiscalDateEnding": "2010-12-31", "reportedCurrency": "USD", "grossProfit": "663756000", "totalRevenue": "2939483000", "costOfRevenue": "2275727000", "costofGoodsAndServicesSold": "2275727000", "operatingIncome": "373798000", "sellingGeneralAndAdministrative": "242424000", "researchAndDevelopment": "47534000", "operatingExpenses": "289958000", "investmentIncomeNet": "None", "netInterestIncome": "None", "interestIncome": "None", "interestExpense": "100845000", "nonInterestIncome": "None", "otherNonOperatingIncome": "-21794000", "depreciation": "None", "depreciationAndAmortization": "323608000", "incomeBeforeTax": "251159000", "incomeTaxExpense": "19012000", "interestAndDebtExpense": "None", "netIncomeFromContinuingOperations": "232147000", "comprehensiveIncomeNetOfTax": "None", "ebit": "352004000", "ebitda": "675612000", "netIncome": "231971000"}, {"fiscalDateEnding": "2009-12-31", "reportedCurrency": "USD", "grossProfit": "480396000", "totalRevenue": "2179109000", "costOfRevenue": "1698713000", "costofGoodsAndServicesSold": "1698713000", "operatingIncome": "225317000", "sellingGeneralAndAdministrative": "210907000", "researchAndDevelopment": "44453000", "operatingExpenses": "255360000", "investmentIncomeNet": "None", "netInterestIncome": "None", "interestIncome": "None", "interestExpense": "113029000", "nonInterestIncome": "None", "otherNonOperatingIncome": "None", "depreciation": "None", "depreciationAndAmortization": "305510000", "incomeBeforeTax": "126523000", "incomeTaxExpense": "-29760000", "interestAndDebtExpense": "None", "netIncomeFromContinuingOperations": "None", "comprehensiveIncomeNetOfTax": "None", "ebit": "241919000", "ebitda": "547429000", "netIncome": "155980000"}, {"fiscalDateEnding": "2008-12-31", "reportedCurrency": "USD", "grossProfit": "561738000", "totalRevenue": "2658602000", "costOfRevenue": "2096864000", "costofGoodsAndServicesSold": "2096864000", "operatingIncome": "-407506000", "sellingGeneralAndAdministrative": "251756000", "researchAndDevelopment": "56227000", "operatingExpenses": "298127000", "investmentIncomeNet": "None", "netInterestIncome": "None", "interestIncome": "None", "interestExpense": "116230000", "nonInterestIncome": "None", "otherNonOperatingIncome": "None", "depreciation": "None", "depreciationAndAmortization": "309920000", "incomeBeforeTax": "-425688000", "incomeTaxExpense": "31788000", "interestAndDebtExpense": "None", "netIncomeFromContinuingOperations": "None", "comprehensiveIncomeNetOfTax": "None", "ebit": "-309458000", "ebitda": "462000", "netIncome": "-456695000"}, {"fiscalDateEnding": "2007-12-31", "reportedCurrency": "USD", "grossProfit": "681873000", "totalRevenue": "2739445000", "costOfRevenue": "2057572000", "costofGoodsAndServicesSold": "2057572000", "operatingIncome": "390691000", "sellingGeneralAndAdministrative": "251249000", "researchAndDevelopment": "41650000", "operatingExpenses": "291182000", "investmentIncomeNet": "None", "netInterestIncome": "None", "interestIncome": "None", "interestExpense": "124099000", "nonInterestIncome": "None", "otherNonOperatingIncome": "None", "depreciation": "None", "depreciationAndAmortization": "288829000", "incomeBeforeTax": "234837000", "incomeTaxExpense": "12597000", "interestAndDebtExpense": "None", "netIncomeFromContinuingOperations": "None", "comprehensiveIncomeNetOfTax": "None", "ebit": "101862000", "ebitda": "390691000", "netIncome": "219864000"}, {"fiscalDateEnding": "2006-12-31", "reportedCurrency": "USD", "grossProfit": "674960000", "totalRevenue": "2728560000", "costOfRevenue": "2053600000", "costofGoodsAndServicesSold": "2053600000", "operatingIncome": "385083000", "sellingGeneralAndAdministrative": "250142000", "researchAndDevelopment": "38735000", "operatingExpenses": "289877000", "investmentIncomeNet": "None", "netInterestIncome": "None", "interestIncome": "None", "interestExpense": "154807000", "nonInterestIncome": "None", "otherNonOperatingIncome": "None", "depreciation": "None", "depreciationAndAmortization": "285765000", "incomeBeforeTax": "182494000", "incomeTaxExpense": "11208000", "interestAndDebtExpense": "None", "netIncomeFromContinuingOperations": "None", "comprehensiveIncomeNetOfTax": "None", "ebit": "99318000", "ebitda": "385083000", "netIncome": "170084000"}], "quarterlyReports": [{"fiscalDateEnding": "2025-12-31", "reportedCurrency": "None", "grossProfit": "314629000", "totalRevenue": "1888046000", "costOfRevenue": "1573417000", "costofGoodsAndServicesSold": "1573417000", "operatingIncome": "184968000", "sellingGeneralAndAdministrative": "None", "researchAndDevelopment": "36731000", "operatingExpenses": "129661000", "investmentIncomeNet": "None", "netInterestIncome": "None", "interestIncome": "None", "interestExpense": "20594000", "nonInterestIncome": "None", "otherNonOperatingIncome": "None", "depreciation": "None", "depreciationAndAmortization": "None", "incomeBeforeTax": "181219000", "incomeTaxExpense": "8690000", "interestAndDebtExpense": "None", "netIncomeFromContinuingOperations": "None", "comprehensiveIncomeNetOfTax": "None", "ebit": "None", "ebitda": "184968000", "netIncome": "171761000"}, {"fiscalDateEnding": "2025-09-30", "reportedCurrency": "USD", "grossProfit": "284490000", "totalRevenue": "1986968000", "costOfRevenue": "1702478000", "costofGoodsAndServicesSold": "1702478000", "operatingIncome": "158927000", "sellingGeneralAndAdministrative": "83211000", "researchAndDevelopment": "42352000", "operatingExpenses": "125563000", "investmentIncomeNet": "None", "netInterestIncome": "-4122000", "interestIncome": "17109000", "interestExpense": "21231000", "nonInterestIncome": "None", "otherNonOperatingIncome": "None", "depreciation": "None", "depreciationAndAmortization": "163614000", "incomeBeforeTax": "154397000", "incomeTaxExpense": "27715000", "interestAndDebtExpense": "None", "netIncomeFromContinuingOperations": "126682000", "comprehensiveIncomeNetOfTax": "None", "ebit": "175628000", "ebitda": "339242000", "netIncome": "126589000"}, {"fiscalDateEnding": "2025-06-30", "reportedCurrency": "USD", "grossProfit": "181897000", "totalRevenue": "1511392000", "costOfRevenue": "1329495000", "costofGoodsAndServicesSold": "1329495000", "operatingIncome": "91967000", "sellingGeneralAndAdministrative": "47922000", "researchAndDevelopment": "42008000", "operatingExpenses": "89930000", "investmentIncomeNet": "None", "netInterestIncome": "-1818000", "interestIncome": "14992000", "interestExpense": "16810000", "nonInterestIncome": "None", "otherNonOperatingIncome": "None", "depreciation": "None", "depreciationAndAmortization": "158842000", "incomeBeforeTax": "83214000", "incomeTaxExpense": "28162000", "interestAndDebtExpense": "None", "netIncomeFromContinuingOperations": "55052000", "comprehensiveIncomeNetOfTax": "None", "ebit": "100024000", "ebitda": "258866000", "netIncome": "54417000"}, {"fiscalDateEnding": "2025-03-31", "reportedCurrency": "USD", "grossProfit": "157583000", "totalRevenue": "1321575000", "costOfRevenue": "1163992000", "costofGoodsAndServicesSold": "1163992000", "operatingIncome": "31523000", "sellingGeneralAndAdministrative": "80408000", "researchAndDevelopment": "45652000", "operatingExpenses": "126060000", "investmentIncomeNet": "None", "netInterestIncome": "-2356000", "interestIncome": "14453000", "interestExpense": "16809000", "nonInterestIncome": "None", "otherNonOperatingIncome": "None", "depreciation": "None", "depreciationAndAmortization": "153821000", "incomeBeforeTax": "25789000", "incomeTaxExpense": "3936000", "interestAndDebtExpense": "None", "netIncomeFromContinuingOperations": "21853000", "comprehensiveIncomeNetOfTax": "None", "ebit": "42598000", "ebitda": "196419000", "netIncome": "21128000"}, {"fiscalDateEnding": "2024-12-31", "reportedCurrency": "USD", "grossProfit": "246710000", "totalRevenue": "1629118000", "costOfRevenue": "1382408000", "costofGoodsAndServicesSold": "1382408000", "operatingIncome": "134435000", "sellingGeneralAndAdministrative": "69427000", "researchAndDevelopment": "42848000", "operatingExpenses": "112275000", "investmentIncomeNet": "None", "netInterestIncome": "-1894000", "interestIncome": "15185000", "interestExpense": "17079000", "nonInterestIncome": "None", "otherNonOperatingIncome": "None", "depreciation": "None", "depreciationAndAmortization": "149193000", "incomeBeforeTax": "135589000", "incomeTaxExpense": "29788000", "interestAndDebtExpense": "None", "netIncomeFromContinuingOperations": "105801000", "comprehensiveIncomeNetOfTax": "None", "ebit": "152668000", "ebitda": "301861000", "netIncome": "105649000"}, {"fiscalDateEnding": "2024-09-30", "reportedCurrency": "USD", "grossProfit": "272484000", "totalRevenue": "1861589000", "costOfRevenue": "1589105000", "costofGoodsAndServicesSold": "1589105000", "operatingIncome": "149367000", "sellingGeneralAndAdministrative": "80753000", "researchAndDevelopment": "42364000", "operatingExpenses": "123117000", "investmentIncomeNet": "None", "netInterestIncome": "240000", "interestIncome": "15862000", "interestExpense": "15622000", "nonInterestIncome": "None", "otherNonOperatingIncome": "None", "depreciation": "None", "depreciationAndAmortization": "150596000", "incomeBeforeTax": "141875000", "incomeTaxExpense": "19185000", "interestAndDebtExpense": "None", "netIncomeFromContinuingOperations": "122690000", "comprehensiveIncomeNetOfTax": "None", "ebit": "157497000", "ebitda": "308093000", "netIncome": "122569000"}, {"fiscalDateEnding": "2024-06-30", "reportedCurrency": "USD", "grossProfit": "212375000", "totalRevenue": "1461474000", "costOfRevenue": "1249099000", "costofGoodsAndServicesSold": "1249099000", "operatingIncome": "81527000", "sellingGeneralAndAdministrative": "91280000", "researchAndDevelopment": "39568000", "operatingExpenses": "130848000", "investmentIncomeNet": "None", "netInterestIncome": "1893000", "interestIncome": "17698000", "interestExpense": "15805000", "nonInterestIncome": "None", "otherNonOperatingIncome": "None", "depreciation": "None", "depreciationAndAmortization": "149949000", "incomeBeforeTax": "81570000", "incomeTaxExpense": "14312000", "interestAndDebtExpense": "None", "netIncomeFromContinuingOperations": "67258000", "comprehensiveIncomeNetOfTax": "None", "ebit": "97375000", "ebitda": "247324000", "netIncome": "66897000"}, {"fiscalDateEnding": "2024-03-31", "reportedCurrency": "USD", "grossProfit": "201643000", "totalRevenue": "1365511000", "costOfRevenue": "1163868000", "costofGoodsAndServicesSold": "1163868000", "operatingIncome": "73126000", "sellingGeneralAndAdministrative": "90346000", "researchAndDevelopment": "38171000", "operatingExpenses": "128517000", "investmentIncomeNet": "None", "netInterestIncome": "357000", "interestIncome": "16796000", "interestExpense": "16439000", "nonInterestIncome": "None", "otherNonOperatingIncome": "None", "depreciation": "None", "depreciationAndAmortization": "144925000", "incomeBeforeTax": "71982000", "incomeTaxExpense": "12196000", "interestAndDebtExpense": "None", "netIncomeFromContinuingOperations": "59786000", "comprehensiveIncomeNetOfTax": "None", "ebit": "73182000", "ebitda": "218107000", "netIncome": "58897000"}, {"fiscalDateEnding": "2023-12-31", "reportedCurrency": "USD", "grossProfit": "279109000", "totalRevenue": "1751811000", "costOfRevenue": "1472702000", "costofGoodsAndServicesSold": "1472702000", "operatingIncome": "158664000", "sellingGeneralAndAdministrative": "78842000", "researchAndDevelopment": "41603000", "operatingExpenses": "120445000", "investmentIncomeNet": "None", "netInterestIncome": "-1609000", "interestIncome": "13869000", "interestExpense": "15478000", "nonInterestIncome": "None", "otherNonOperatingIncome": "None", "depreciation": "None", "depreciationAndAmortization": "159112000", "incomeBeforeTax": "151528000", "incomeTaxExpense": "32516000", "interestAndDebtExpense": "None", "netIncomeFromContinuingOperations": "119012000", "comprehensiveIncomeNetOfTax": "None", "ebit": "158306000", "ebitda": "317418000", "netIncome": "117562000"}, {"fiscalDateEnding": "2023-09-30", "reportedCurrency": "USD", "grossProfit": "282753000", "totalRevenue": "1821793000", "costOfRevenue": "1539040000", "costofGoodsAndServicesSold": "1539040000", "operatingIncome": "166598000", "sellingGeneralAndAdministrative": "73020000", "researchAndDevelopment": "43135000", "operatingExpenses": "116155000", "investmentIncomeNet": "None", "netInterestIncome": "-13001000", "interestIncome": "12137000", "interestExpense": "13001000", "nonInterestIncome": "None", "otherNonOperatingIncome": "None", "depreciation": "None", "depreciationAndAmortization": "157749000", "incomeBeforeTax": "162374000", "incomeTaxExpense": "28923000", "interestAndDebtExpense": "None", "netIncomeFromContinuingOperations": "133451000", "comprehensiveIncomeNetOfTax": "None", "ebit": "166423000", "ebitda": "324172000", "netIncome": "132614000"}, {"fiscalDateEnding": "2023-06-30", "reportedCurrency": "USD", "grossProfit": "186870000", "totalRevenue": "1457922000", "costOfRevenue": "1271052000", "costofGoodsAndServicesSold": "1271052000", "operatingIncome": "76322000", "sellingGeneralAndAdministrative": "64860000", "researchAndDevelopment": "45688000", "operatingExpenses": "110548000", "investmentIncomeNet": "None", "netInterestIncome": "-14354000", "interestIncome": "12019000", "interestExpense": "14354000", "nonInterestIncome": "None", "otherNonOperatingIncome": "11883000", "depreciation": "None", "depreciationAndAmortization": "157885000", "incomeBeforeTax": "73851000", "incomeTaxExpense": "9407000", "interestAndDebtExpense": "None", "netIncomeFromContinuingOperations": "64444000", "comprehensiveIncomeNetOfTax": "None", "ebit": "88205000", "ebitda": "246090000", "netIncome": "64286000"}, {"fiscalDateEnding": "2023-03-31", "reportedCurrency": "USD", "grossProfit": "194421000", "totalRevenue": "1471539000", "costOfRevenue": "1277118000", "costofGoodsAndServicesSold": "1277118000", "operatingIncome": "68703000", "sellingGeneralAndAdministrative": "78671000", "researchAndDevelopment": "47047000", "operatingExpenses": "125718000", "investmentIncomeNet": "None", "netInterestIncome": "-16167000", "interestIncome": "10433000", "interestExpense": "16167000", "nonInterestIncome": "None", "otherNonOperatingIncome": "3552000", "depreciation": "None", "depreciationAndAmortization": "156762000", "incomeBeforeTax": "56088000", "incomeTaxExpense": "10864000", "interestAndDebtExpense": "None", "netIncomeFromContinuingOperations": "45224000", "comprehensiveIncomeNetOfTax": "None", "ebit": "72255000", "ebitda": "229017000", "netIncome": "45351000"}, {"fiscalDateEnding": "2022-12-31", "reportedCurrency": "USD", "grossProfit": "334274000", "totalRevenue": "1906210000", "costOfRevenue": "1571936000", "costofGoodsAndServicesSold": "1571936000", "operatingIncome": "225082000", "sellingGeneralAndAdministrative": "69598000", "researchAndDevelopment": "39594000", "operatingExpenses": "109192000", "investmentIncomeNet": "None", "netInterestIncome": "-14943000", "interestIncome": "6184000", "interestExpense": "14943000", "nonInterestIncome": "None", "otherNonOperatingIncome": "-520000", "depreciation": "None", "depreciationAndAmortization": "157023000", "incomeBeforeTax": "209619000", "incomeTaxExpense": "45731000", "interestAndDebtExpense": "None", "netIncomeFromContinuingOperations": "163888000", "comprehensiveIncomeNetOfTax": "None", "ebit": "224562000", "ebitda": "381585000", "netIncome": "164301000"}, {"fiscalDateEnding": "2022-09-30", "reportedCurrency": "USD", "grossProfit": "421228000", "totalRevenue": "2083691000", "costOfRevenue": "1662463000", "costofGoodsAndServicesSold": "1662463000", "operatingIncome": "319287000", "sellingGeneralAndAdministrative": "67947000", "researchAndDevelopment": "33994000", "operatingExpenses": "101941000", "investmentIncomeNet": "None", "netInterestIncome": "-14879000", "interestIncome": "4034000", "interestExpense": "14879000", "nonInterestIncome": "None", "otherNonOperatingIncome": "5692000", "depreciation": "None", "depreciationAndAmortization": "156338000", "incomeBeforeTax": "310100000", "incomeTaxExpense": "3643000", "interestAndDebtExpense": "None", "netIncomeFromContinuingOperations": "306457000", "comprehensiveIncomeNetOfTax": "None", "ebit": "324979000", "ebitda": "481317000", "netIncome": "306081000"}, {"fiscalDateEnding": "2022-06-30", "reportedCurrency": "USD", "grossProfit": "249155000", "totalRevenue": "1504868000", "costOfRevenue": "1255713000", "costofGoodsAndServicesSold": "1255713000", "operatingIncome": "142809000", "sellingGeneralAndAdministrative": "68868000", "researchAndDevelopment": "37478000", "operatingExpenses": "106346000", "investmentIncomeNet": "None", "netInterestIncome": "-14593000", "interestIncome": "1941000", "interestExpense": "14593000", "nonInterestIncome": "None", "otherNonOperatingIncome": "8041000", "depreciation": "None", "depreciationAndAmortization": "151149000", "incomeBeforeTax": "136257000", "incomeTaxExpense": "10788000", "interestAndDebtExpense": "None", "netIncomeFromContinuingOperations": "125469000", "comprehensiveIncomeNetOfTax": "None", "ebit": "150850000", "ebitda": "301999000", "netIncome": "124778000"}, {"fiscalDateEnding": "2022-03-31", "reportedCurrency": "USD", "grossProfit": "325330000", "totalRevenue": "1596816000", "costOfRevenue": "1271486000", "costofGoodsAndServicesSold": "1271486000", "operatingIncome": "210008000", "sellingGeneralAndAdministrative": "76959000", "researchAndDevelopment": "38363000", "operatingExpenses": "115322000", "investmentIncomeNet": "None", "netInterestIncome": "-14148000", "interestIncome": "603000", "interestExpense": "14148000", "nonInterestIncome": "None", "otherNonOperatingIncome": "5096000", "depreciation": "None", "depreciationAndAmortization": "148192000", "incomeBeforeTax": "200956000", "incomeTaxExpense": "29728000", "interestAndDebtExpense": "None", "netIncomeFromContinuingOperations": "171228000", "comprehensiveIncomeNetOfTax": "None", "ebit": "215104000", "ebitda": "363296000", "netIncome": "170663000"}, {"fiscalDateEnding": "2021-12-31", "reportedCurrency": "USD", "grossProfit": "362368000", "totalRevenue": "1724644000", "costOfRevenue": "1362276000", "costofGoodsAndServicesSold": "1362276000", "operatingIncome": "252409000", "sellingGeneralAndAdministrative": "72546000", "researchAndDevelopment": "37413000", "operatingExpenses": "109959000", "investmentIncomeNet": "None", "netInterestIncome": "-13175000", "interestIncome": "300000", "interestExpense": "13175000", "nonInterestIncome": "None", "otherNonOperatingIncome": "2633000", "depreciation": "None", "depreciationAndAmortization": "142612000", "incomeBeforeTax": "241867000", "incomeTaxExpense": "24584000", "interestAndDebtExpense": "None", "netIncomeFromContinuingOperations": "217283000", "comprehensiveIncomeNetOfTax": "None", "ebit": "255042000", "ebitda": "397654000", "netIncome": "216526000"}, {"fiscalDateEnding": "2021-09-30", "reportedCurrency": "USD", "grossProfit": "324832000", "totalRevenue": "1681000000", "costOfRevenue": "1356168000", "costofGoodsAndServicesSold": "1356168000", "operatingIncome": "211461000", "sellingGeneralAndAdministrative": "72581000", "researchAndDevelopment": "40790000", "operatingExpenses": "113371000", "investmentIncomeNet": "None", "netInterestIncome": "-12896000", "interestIncome": "256000", "interestExpense": "12896000", "nonInterestIncome": "None", "otherNonOperatingIncome": "501000", "depreciation": "None", "depreciationAndAmortization": "145979000", "incomeBeforeTax": "199066000", "incomeTaxExpense": "17219000", "interestAndDebtExpense": "None", "netIncomeFromContinuingOperations": "181847000", "comprehensiveIncomeNetOfTax": "None", "ebit": "211962000", "ebitda": "357941000", "netIncome": "180854000"}, {"fiscalDateEnding": "2021-06-30", "reportedCurrency": "USD", "grossProfit": "272820000", "totalRevenue": "1406535000", "costOfRevenue": "1133715000", "costofGoodsAndServicesSold": "1133715000", "operatingIncome": "155115000", "sellingGeneralAndAdministrative": "74189000", "researchAndDevelopment": "43516000", "operatingExpenses": "117705000", "investmentIncomeNet": "None", "netInterestIncome": "-12764000", "interestIncome": "230000", "interestExpense": "12764000", "nonInterestIncome": "None", "otherNonOperatingIncome": "96000", "depreciation": "None", "depreciationAndAmortization": "139601000", "incomeBeforeTax": "142447000", "incomeTaxExpense": "15989000", "interestAndDebtExpense": "None", "netIncomeFromContinuingOperations": "126458000", "comprehensiveIncomeNetOfTax": "None", "ebit": "155211000", "ebitda": "294812000", "netIncome": "125806000"}, {"fiscalDateEnding": "2021-03-31", "reportedCurrency": "USD", "grossProfit": "265534000", "totalRevenue": "1326150000", "costOfRevenue": "1060616000", "costofGoodsAndServicesSold": "1060616000", "operatingIncome": "144448000", "sellingGeneralAndAdministrative": "76768000", "researchAndDevelopment": "44318000", "operatingExpenses": "121086000", "investmentIncomeNet": "None", "netInterestIncome": "-12673000", "interestIncome": "279000", "interestExpense": "12673000", "nonInterestIncome": "None", "otherNonOperatingIncome": "-89000", "depreciation": "None", "depreciationAndAmortization": "135390000", "incomeBeforeTax": "131686000", "incomeTaxExpense": "11667000", "interestAndDebtExpense": "None", "netIncomeFromContinuingOperations": "120019000", "comprehensiveIncomeNetOfTax": "None", "ebit": "144359000", "ebitda": "279749000", "netIncome": "119809000"}, {"fiscalDateEnding": "2020-12-31", "reportedCurrency": "USD", "grossProfit": "278501000", "totalRevenue": "1371041000", "costOfRevenue": "1092540000", "costofGoodsAndServicesSold": "1092540000", "operatingIncome": "159179000", "sellingGeneralAndAdministrative": "72582000", "researchAndDevelopment": "41103000", "operatingExpenses": "119322000", "investmentIncomeNet": "None", "netInterestIncome": "-14707000", "interestIncome": "474000", "interestExpense": "14707000", "nonInterestIncome": "None", "otherNonOperatingIncome": "-4828000", "depreciation": "None", "depreciationAndAmortization": "132674000", "incomeBeforeTax": "139644000", "incomeTaxExpense": "12679000", "interestAndDebtExpense": "None", "netIncomeFromContinuingOperations": "126965000", "comprehensiveIncomeNetOfTax": "None", "ebit": "154351000", "ebitda": "287025000", "netIncome": "126674000"}, {"fiscalDateEnding": "2020-09-30", "reportedCurrency": "USD", "grossProfit": "241085000", "totalRevenue": "1354023000", "costOfRevenue": "1112938000", "costofGoodsAndServicesSold": "1112938000", "operatingIncome": "127469000", "sellingGeneralAndAdministrative": "77781000", "researchAndDevelopment": "35835000", "operatingExpenses": "113616000", "investmentIncomeNet": "None", "netInterestIncome": "-15388000", "interestIncome": "1016000", "interestExpense": "16404000", "nonInterestIncome": "None", "otherNonOperatingIncome": "-2415000", "depreciation": "None", "depreciationAndAmortization": "129686000", "incomeBeforeTax": "108650000", "incomeTaxExpense": "15753000", "interestAndDebtExpense": "None", "netIncomeFromContinuingOperations": "92897000", "comprehensiveIncomeNetOfTax": "None", "ebit": "125054000", "ebitda": "254740000", "netIncome": "92151000"}, {"fiscalDateEnding": "2020-06-30", "reportedCurrency": "USD", "grossProfit": "192320000", "totalRevenue": "1172909000", "costOfRevenue": "980589000", "costofGoodsAndServicesSold": "980589000", "operatingIncome": "86524000", "sellingGeneralAndAdministrative": "74260000", "researchAndDevelopment": "31536000", "operatingExpenses": "105796000", "investmentIncomeNet": "None", "netInterestIncome": "-14311000", "interestIncome": "1701000", "interestExpense": "16012000", "nonInterestIncome": "None", "otherNonOperatingIncome": "-1467000", "depreciation": "None", "depreciationAndAmortization": "124379000", "incomeBeforeTax": "69045000", "incomeTaxExpense": "12905000", "interestAndDebtExpense": "None", "netIncomeFromContinuingOperations": "56140000", "comprehensiveIncomeNetOfTax": "None", "ebit": "85057000", "ebitda": "209436000", "netIncome": "55424000"}, {"fiscalDateEnding": "2020-03-31", "reportedCurrency": "USD", "grossProfit": "188908000", "totalRevenue": "1152616000", "costOfRevenue": "963708000", "costofGoodsAndServicesSold": "963708000", "operatingIncome": "84073000", "sellingGeneralAndAdministrative": "72582000", "researchAndDevelopment": "32253000", "operatingExpenses": "104835000", "investmentIncomeNet": "None", "netInterestIncome": "-14787000", "interestIncome": "2258000", "interestExpense": "17045000", "nonInterestIncome": "None", "otherNonOperatingIncome": "2315000", "depreciation": "None", "depreciationAndAmortization": "123657000", "incomeBeforeTax": "69343000", "incomeTaxExpense": "4846000", "interestAndDebtExpense": "None", "netIncomeFromContinuingOperations": "64497000", "comprehensiveIncomeNetOfTax": "None", "ebit": "86388000", "ebitda": "210045000", "netIncome": "63889000"}, {"fiscalDateEnding": "2019-12-31", "reportedCurrency": "USD", "grossProfit": "222984000", "totalRevenue": "1178464000", "costOfRevenue": "955480000", "costofGoodsAndServicesSold": "955480000", "operatingIncome": "118385000", "sellingGeneralAndAdministrative": "75130000", "researchAndDevelopment": "32771000", "operatingExpenses": "104599000", "investmentIncomeNet": "None", "netInterestIncome": "-14949000", "interestIncome": "1724000", "interestExpense": "16673000", "nonInterestIncome": "None", "otherNonOperatingIncome": "-1132000", "depreciation": "None", "depreciationAndAmortization": "126164000", "incomeBeforeTax": "100580000", "incomeTaxExpense": "764000", "interestAndDebtExpense": "None", "netIncomeFromContinuingOperations": "99816000", "comprehensiveIncomeNetOfTax": "None", "ebit": "117253000", "ebitda": "243417000", "netIncome": "99147000"}, {"fiscalDateEnding": "2019-09-30", "reportedCurrency": "USD", "grossProfit": "182240000", "totalRevenue": "1083917000", "costOfRevenue": "901677000", "costofGoodsAndServicesSold": "901677000", "operatingIncome": "78855000", "sellingGeneralAndAdministrative": "70458000", "researchAndDevelopment": "32927000", "operatingExpenses": "103385000", "investmentIncomeNet": "None", "netInterestIncome": "-15719000", "interestIncome": "1269000", "interestExpense": "16988000", "nonInterestIncome": "None", "otherNonOperatingIncome": "1760000", "depreciation": "None", "depreciationAndAmortization": "129194000", "incomeBeforeTax": "63627000", "incomeTaxExpense": "9141000", "interestAndDebtExpense": "None", "netIncomeFromContinuingOperations": "54486000", "comprehensiveIncomeNetOfTax": "None", "ebit": "80615000", "ebitda": "209809000", "netIncome": "54070000"}, {"fiscalDateEnding": "2019-06-30", "reportedCurrency": "USD", "grossProfit": "123454000", "totalRevenue": "895305000", "costOfRevenue": "771851000", "costofGoodsAndServicesSold": "771851000", "operatingIncome": "22510000", "sellingGeneralAndAdministrative": "64758000", "researchAndDevelopment": "36186000", "operatingExpenses": "100944000", "investmentIncomeNet": "None", "netInterestIncome": "-17055000", "interestIncome": "1598000", "interestExpense": "18653000", "nonInterestIncome": "None", "otherNonOperatingIncome": "-6966000", "depreciation": "None", "depreciationAndAmortization": "132984000", "incomeBeforeTax": "-3109000", "incomeTaxExpense": "5897000", "interestAndDebtExpense": "None", "netIncomeFromContinuingOperations": "-9006000", "comprehensiveIncomeNetOfTax": "None", "ebit": "15544000", "ebitda": "148528000", "netIncome": "-9450000"}, {"fiscalDateEnding": "2019-03-31", "reportedCurrency": "USD", "grossProfit": "120761000", "totalRevenue": "894964000", "costOfRevenue": "774203000", "costofGoodsAndServicesSold": "774203000", "operatingIncome": "13420000", "sellingGeneralAndAdministrative": "71587000", "researchAndDevelopment": "35754000", "operatingExpenses": "107341000", "investmentIncomeNet": "None", "netInterestIncome": "-17209000", "interestIncome": "2064000", "interestExpense": "19273000", "nonInterestIncome": "None", "otherNonOperatingIncome": "4565000", "depreciation": "None", "depreciationAndAmortization": "135835000", "incomeBeforeTax": "-1288000", "incomeTaxExpense": "21380000", "interestAndDebtExpense": "None", "netIncomeFromContinuingOperations": "-22668000", "comprehensiveIncomeNetOfTax": "None", "ebit": "13420000", "ebitda": "149255000", "netIncome": "-22879000"}, {"fiscalDateEnding": "2018-12-31", "reportedCurrency": "USD", "grossProfit": "182370000", "totalRevenue": "1081271000", "costOfRevenue": "898901000", "costofGoodsAndServicesSold": "898901000", "operatingIncome": "75381000", "sellingGeneralAndAdministrative": "69353000", "researchAndDevelopment": "37636000", "operatingExpenses": "106989000", "investmentIncomeNet": "None", "netInterestIncome": "None", "interestIncome": "None", "interestExpense": "18038000", "nonInterestIncome": "None", "otherNonOperatingIncome": "363000", "depreciation": "None", "depreciationAndAmortization": "142780000", "incomeBeforeTax": "57706000", "incomeTaxExpense": "28812000", "interestAndDebtExpense": "None", "netIncomeFromContinuingOperations": "28894000", "comprehensiveIncomeNetOfTax": "None", "ebit": "75601000", "ebitda": "218381000", "netIncome": "28295000"}, {"fiscalDateEnding": "2018-09-30", "reportedCurrency": "USD", "grossProfit": "200707000", "totalRevenue": "1144192000", "costOfRevenue": "943485000", "costofGoodsAndServicesSold": "943485000", "operatingIncome": "92703000", "sellingGeneralAndAdministrative": "70463000", "researchAndDevelopment": "37541000", "operatingExpenses": "108004000", "investmentIncomeNet": "None", "netInterestIncome": "None", "interestIncome": "None", "interestExpense": "19770000", "nonInterestIncome": "None", "otherNonOperatingIncome": "-1315000", "depreciation": "None", "depreciationAndAmortization": "143666000", "incomeBeforeTax": "71618000", "incomeTaxExpense": "14326000", "interestAndDebtExpense": "None", "netIncomeFromContinuingOperations": "57292000", "comprehensiveIncomeNetOfTax": "None", "ebit": "91388000", "ebitda": "235054000", "netIncome": "56662000"}, {"fiscalDateEnding": "2018-06-30", "reportedCurrency": "USD", "grossProfit": "169717000", "totalRevenue": "1065684000", "costOfRevenue": "895967000", "costofGoodsAndServicesSold": "895967000", "operatingIncome": "53941000", "sellingGeneralAndAdministrative": "74700000", "researchAndDevelopment": "41076000", "operatingExpenses": "115776000", "investmentIncomeNet": "None", "netInterestIncome": "None", "interestIncome": "None", "interestExpense": "21127000", "nonInterestIncome": "None", "otherNonOperatingIncome": "11001000", "depreciation": "None", "depreciationAndAmortization": "143006000", "incomeBeforeTax": "43815000", "incomeTaxExpense": "10631000", "interestAndDebtExpense": "None", "netIncomeFromContinuingOperations": "33184000", "comprehensiveIncomeNetOfTax": "None", "ebit": "64942000", "ebitda": "207948000", "netIncome": "32591000"}, {"fiscalDateEnding": "2018-03-31", "reportedCurrency": "USD", "grossProfit": "157771000", "totalRevenue": "1025319000", "costOfRevenue": "867548000", "costofGoodsAndServicesSold": "867548000", "operatingIncome": "36119000", "sellingGeneralAndAdministrative": "80723000", "researchAndDevelopment": "40929000", "operatingExpenses": "121652000", "investmentIncomeNet": "None", "netInterestIncome": "None", "interestIncome": "None", "interestExpense": "20011000", "nonInterestIncome": "None", "otherNonOperatingIncome": "-3432000", "depreciation": "None", "depreciationAndAmortization": "142509000", "incomeBeforeTax": "12676000", "incomeTaxExpense": "2481000", "interestAndDebtExpense": "None", "netIncomeFromContinuingOperations": "10195000", "comprehensiveIncomeNetOfTax": "None", "ebit": "32687000", "ebitda": "175196000", "netIncome": "9544000"}, {"fiscalDateEnding": "2017-12-31", "reportedCurrency": "USD", "grossProfit": "225494000", "totalRevenue": "1148423000", "costOfRevenue": "922929000", "costofGoodsAndServicesSold": "922929000", "operatingIncome": "110128000", "sellingGeneralAndAdministrative": "77410000", "researchAndDevelopment": "37956000", "operatingExpenses": "115366000", "investmentIncomeNet": "None", "netInterestIncome": "None", "interestIncome": "None", "interestExpense": "20106000", "nonInterestIncome": "None", "otherNonOperatingIncome": "-861000", "depreciation": "None", "depreciationAndAmortization": "146273000", "incomeBeforeTax": "89161000", "incomeTaxExpense": "-12782000", "interestAndDebtExpense": "None", "netIncomeFromContinuingOperations": "101943000", "comprehensiveIncomeNetOfTax": "None", "ebit": "109267000", "ebitda": "255540000", "netIncome": "100770000"}, {"fiscalDateEnding": "2017-09-30", "reportedCurrency": "USD", "grossProfit": "216638000", "totalRevenue": "1135027000", "costOfRevenue": "918389000", "costofGoodsAndServicesSold": "918389000", "operatingIncome": "98237000", "sellingGeneralAndAdministrative": "75567000", "researchAndDevelopment": "42834000", "operatingExpenses": "118401000", "investmentIncomeNet": "None", "netInterestIncome": "None", "interestIncome": "None", "interestExpense": "20501000", "nonInterestIncome": "None", "otherNonOperatingIncome": "-3354000", "depreciation": "None", "depreciationAndAmortization": "148599000", "incomeBeforeTax": "74382000", "incomeTaxExpense": "18752000", "interestAndDebtExpense": "None", "netIncomeFromContinuingOperations": "55630000", "comprehensiveIncomeNetOfTax": "None", "ebit": "105576000", "ebitda": "254175000", "netIncome": "59264000"}, {"fiscalDateEnding": "2017-06-30", "reportedCurrency": "USD", "grossProfit": "172235000", "totalRevenue": "989447000", "costOfRevenue": "817212000", "costofGoodsAndServicesSold": "817212000", "operatingIncome": "168293000", "sellingGeneralAndAdministrative": "67783000", "researchAndDevelopment": "44268000", "operatingExpenses": "112051000", "investmentIncomeNet": "None", "netInterestIncome": "None", "interestIncome": "None", "interestExpense": "22451000", "nonInterestIncome": "None", "otherNonOperatingIncome": "3190000", "depreciation": "None", "depreciationAndAmortization": "145252000", "incomeBeforeTax": "149032000", "incomeTaxExpense": "32573000", "interestAndDebtExpense": "None", "netIncomeFromContinuingOperations": "116459000", "comprehensiveIncomeNetOfTax": "None", "ebit": "64550000", "ebitda": "209802000", "netIncome": "119013000"}, {"fiscalDateEnding": "2017-03-31", "reportedCurrency": "USD", "grossProfit": "142906000", "totalRevenue": "913600000", "costOfRevenue": "770694000", "costofGoodsAndServicesSold": "770694000", "operatingIncome": "24655000", "sellingGeneralAndAdministrative": "76695000", "researchAndDevelopment": "41556000", "operatingExpenses": "118251000", "investmentIncomeNet": "None", "netInterestIncome": "None", "interestIncome": "None", "interestExpense": "22496000", "nonInterestIncome": "None", "otherNonOperatingIncome": "-10864000", "depreciation": "None", "depreciationAndAmortization": "141816000", "incomeBeforeTax": "-8705000", "incomeTaxExpense": "439000", "interestAndDebtExpense": "None", "netIncomeFromContinuingOperations": "-9144000", "comprehensiveIncomeNetOfTax": "None", "ebit": "18483000", "ebitda": "160299000", "netIncome": "-10006000"}, {"fiscalDateEnding": "2016-12-31", "reportedCurrency": "USD", "grossProfit": "227187000", "totalRevenue": "1021613000", "costOfRevenue": "794426000", "costofGoodsAndServicesSold": "794426000", "operatingIncome": "126689000", "sellingGeneralAndAdministrative": "67437000", "researchAndDevelopment": "33061000", "operatingExpenses": "100498000", "investmentIncomeNet": "None", "netInterestIncome": "None", "interestIncome": "None", "interestExpense": "22414000", "nonInterestIncome": "None", "otherNonOperatingIncome": "15461000", "depreciation": "None", "depreciationAndAmortization": "138669000", "incomeBeforeTax": "119736000", "incomeTaxExpense": "18534000", "interestAndDebtExpense": "None", "netIncomeFromContinuingOperations": "101202000", "comprehensiveIncomeNetOfTax": "None", "ebit": "142150000", "ebitda": "280819000", "netIncome": "100263000"}, {"fiscalDateEnding": "2016-09-30", "reportedCurrency": "USD", "grossProfit": "213800000", "totalRevenue": "1086014000", "costOfRevenue": "872214000", "costofGoodsAndServicesSold": "872214000", "operatingIncome": "114615000", "sellingGeneralAndAdministrative": "72363000", "researchAndDevelopment": "26822000", "operatingExpenses": "99185000", "investmentIncomeNet": "None", "netInterestIncome": "None", "interestIncome": "None", "interestExpense": "22731000", "nonInterestIncome": "None", "otherNonOperatingIncome": "-6657000", "depreciation": "None", "depreciationAndAmortization": "141276000", "incomeBeforeTax": "85227000", "incomeTaxExpense": "24086000", "interestAndDebtExpense": "None", "netIncomeFromContinuingOperations": "61141000", "comprehensiveIncomeNetOfTax": "None", "ebit": "107958000", "ebitda": "249234000", "netIncome": "60089000"}, {"fiscalDateEnding": "2016-06-30", "reportedCurrency": "USD", "grossProfit": "131606000", "totalRevenue": "917326000", "costOfRevenue": "785720000", "costofGoodsAndServicesSold": "785720000", "operatingIncome": "30542000", "sellingGeneralAndAdministrative": "70896000", "researchAndDevelopment": "30168000", "operatingExpenses": "101064000", "investmentIncomeNet": "None", "netInterestIncome": "None", "interestIncome": "None", "interestExpense": "22058000", "nonInterestIncome": "None", "otherNonOperatingIncome": "242000", "depreciation": "None", "depreciationAndAmortization": "138105000", "incomeBeforeTax": "8726000", "incomeTaxExpense": "3360000", "interestAndDebtExpense": "None", "netIncomeFromContinuingOperations": "5366000", "comprehensiveIncomeNetOfTax": "None", "ebit": "30542000", "ebitda": "168647000", "netIncome": "4713000"}, {"fiscalDateEnding": "2016-03-31", "reportedCurrency": "USD", "grossProfit": "122884000", "totalRevenue": "868682000", "costOfRevenue": "745798000", "costofGoodsAndServicesSold": "745798000", "operatingIncome": "22094000", "sellingGeneralAndAdministrative": "73635000", "researchAndDevelopment": "27155000", "operatingExpenses": "100790000", "investmentIncomeNet": "None", "netInterestIncome": "None", "interestIncome": "None", "interestExpense": "17434000", "nonInterestIncome": "None", "otherNonOperatingIncome": "-3192000", "depreciation": "None", "depreciationAndAmortization": "137136000", "incomeBeforeTax": "1468000", "incomeTaxExpense": "1873000", "interestAndDebtExpense": "None", "netIncomeFromContinuingOperations": "-405000", "comprehensiveIncomeNetOfTax": "None", "ebit": "22094000", "ebitda": "159230000", "netIncome": "-875000"}, {"fiscalDateEnding": "2015-12-31", "reportedCurrency": "USD", "grossProfit": "102620000", "totalRevenue": "670644000", "costOfRevenue": "568024000", "costofGoodsAndServicesSold": "568024000", "operatingIncome": "21677000", "sellingGeneralAndAdministrative": "58800000", "researchAndDevelopment": "22898000", "operatingExpenses": "80943000", "investmentIncomeNet": "None", "netInterestIncome": "None", "interestIncome": "None", "interestExpense": "18332000", "nonInterestIncome": "None", "otherNonOperatingIncome": "-11065000", "depreciation": "None", "depreciationAndAmortization": "122232000", "incomeBeforeTax": "-12367000", "incomeTaxExpense": "837000", "interestAndDebtExpense": "None", "netIncomeFromContinuingOperations": "-13959000", "comprehensiveIncomeNetOfTax": "None", "ebit": "20922000", "ebitda": "143154000", "netIncome": "-8966000"}, {"fiscalDateEnding": "2015-09-30", "reportedCurrency": "USD", "grossProfit": "126600000", "totalRevenue": "734362000", "costOfRevenue": "607762000", "costofGoodsAndServicesSold": "607762000", "operatingIncome": "51295000", "sellingGeneralAndAdministrative": "54232000", "researchAndDevelopment": "21073000", "operatingExpenses": "75305000", "investmentIncomeNet": "None", "netInterestIncome": "None", "interestIncome": "None", "interestExpense": "18938000", "nonInterestIncome": "None", "otherNonOperatingIncome": "13232000", "depreciation": "None", "depreciationAndAmortization": "123252000", "incomeBeforeTax": "43933000", "incomeTaxExpense": "16568000", "interestAndDebtExpense": "None", "netIncomeFromContinuingOperations": "27365000", "comprehensiveIncomeNetOfTax": "None", "ebit": "51295000", "ebitda": "174547000", "netIncome": "27735000"}, {"fiscalDateEnding": "2015-06-30", "reportedCurrency": "USD", "grossProfit": "115098000", "totalRevenue": "736722000", "costOfRevenue": "621624000", "costofGoodsAndServicesSold": "621624000", "operatingIncome": "38643000", "sellingGeneralAndAdministrative": "56435000", "researchAndDevelopment": "20020000", "operatingExpenses": "76455000", "investmentIncomeNet": "None", "netInterestIncome": "None", "interestIncome": "None", "interestExpense": "24087000", "nonInterestIncome": "None", "otherNonOperatingIncome": "276000", "depreciation": "None", "depreciationAndAmortization": "124329000", "incomeBeforeTax": "7266000", "incomeTaxExpense": "4631000", "interestAndDebtExpense": "None", "netIncomeFromContinuingOperations": "2635000", "comprehensiveIncomeNetOfTax": "None", "ebit": "38643000", "ebitda": "162972000", "netIncome": "7295000"}, {"fiscalDateEnding": "2015-03-31", "reportedCurrency": "USD", "grossProfit": "134947000", "totalRevenue": "742875000", "costOfRevenue": "607928000", "costofGoodsAndServicesSold": "607928000", "operatingIncome": "53979000", "sellingGeneralAndAdministrative": "62942000", "researchAndDevelopment": "18026000", "operatingExpenses": "80968000", "investmentIncomeNet": "None", "netInterestIncome": "None", "interestIncome": "None", "interestExpense": "25019000", "nonInterestIncome": "None", "otherNonOperatingIncome": "6736000", "depreciation": "None", "depreciationAndAmortization": "124387000", "incomeBeforeTax": "29458000", "incomeTaxExpense": "5999000", "interestAndDebtExpense": "None", "netIncomeFromContinuingOperations": "23459000", "comprehensiveIncomeNetOfTax": "None", "ebit": "53979000", "ebitda": "178366000", "netIncome": "28645000"}, {"fiscalDateEnding": "2014-12-31", "reportedCurrency": "USD", "grossProfit": "120071000", "totalRevenue": "853113000", "costOfRevenue": "733042000", "costofGoodsAndServicesSold": "733042000", "operatingIncome": "39968000", "sellingGeneralAndAdministrative": "62800000", "researchAndDevelopment": "17303000", "operatingExpenses": "80103000", "investmentIncomeNet": "None", "netInterestIncome": "None", "interestIncome": "None", "interestExpense": "36159000", "nonInterestIncome": "None", "otherNonOperatingIncome": "None", "depreciation": "None", "depreciationAndAmortization": "124617000", "incomeBeforeTax": "13063000", "incomeTaxExpense": "1420000", "interestAndDebtExpense": "None", "netIncomeFromContinuingOperations": "133240000", "comprehensiveIncomeNetOfTax": "None", "ebit": "115268000", "ebitda": "239885000", "netIncome": "13135000"}, {"fiscalDateEnding": "2014-09-30", "reportedCurrency": "USD", "grossProfit": "153217000", "totalRevenue": "812824000", "costOfRevenue": "659607000", "costofGoodsAndServicesSold": "659607000", "operatingIncome": "75180000", "sellingGeneralAndAdministrative": "61600000", "researchAndDevelopment": "16437000", "operatingExpenses": "78037000", "investmentIncomeNet": "None", "netInterestIncome": "None", "interestIncome": "None", "interestExpense": "25023000", "nonInterestIncome": "None", "otherNonOperatingIncome": "12998000", "depreciation": "None", "depreciationAndAmortization": "119700000", "incomeBeforeTax": "59783000", "incomeTaxExpense": "14985000", "interestAndDebtExpense": "None", "netIncomeFromContinuingOperations": "44798000", "comprehensiveIncomeNetOfTax": "None", "ebit": "75180000", "ebitda": "194880000", "netIncome": "46799000"}, {"fiscalDateEnding": "2014-06-30", "reportedCurrency": "USD", "grossProfit": "150714000", "totalRevenue": "767459000", "costOfRevenue": "616745000", "costofGoodsAndServicesSold": "616745000", "operatingIncome": "60961000", "sellingGeneralAndAdministrative": "67674000", "researchAndDevelopment": "22079000", "operatingExpenses": "89753000", "investmentIncomeNet": "None", "netInterestIncome": "None", "interestIncome": "None", "interestExpense": "23779000", "nonInterestIncome": "None", "otherNonOperatingIncome": "25735000", "depreciation": "None", "depreciationAndAmortization": "112051000", "incomeBeforeTax": "42881000", "incomeTaxExpense": "12511000", "interestAndDebtExpense": "None", "netIncomeFromContinuingOperations": "30370000", "comprehensiveIncomeNetOfTax": "None", "ebit": "60961000", "ebitda": "173012000", "netIncome": "49153000"}, {"fiscalDateEnding": "2014-03-31", "reportedCurrency": "USD", "grossProfit": "128820000", "totalRevenue": "696044000", "costOfRevenue": "567224000", "costofGoodsAndServicesSold": "567224000", "operatingIncome": "45351000", "sellingGeneralAndAdministrative": "62424000", "researchAndDevelopment": "21045000", "operatingExpenses": "83469000", "investmentIncomeNet": "None", "netInterestIncome": "None", "interestIncome": "None", "interestExpense": "24964000", "nonInterestIncome": "None", "otherNonOperatingIncome": "None", "depreciation": "None", "depreciationAndAmortization": "108338000", "incomeBeforeTax": "20351000", "incomeTaxExpense": "4929000", "interestAndDebtExpense": "None", "netIncomeFromContinuingOperations": "0", "comprehensiveIncomeNetOfTax": "None", "ebit": "45351000", "ebitda": "153689000", "netIncome": "20423000"}, {"fiscalDateEnding": "2013-12-31", "reportedCurrency": "USD", "grossProfit": "150173000", "totalRevenue": "754875000", "costOfRevenue": "604702000", "costofGoodsAndServicesSold": "604702000", "operatingIncome": "74554000", "sellingGeneralAndAdministrative": "58255000", "researchAndDevelopment": "17364000", "operatingExpenses": "75619000", "investmentIncomeNet": "None", "netInterestIncome": "None", "interestIncome": "None", "interestExpense": "26060000", "nonInterestIncome": "None", "otherNonOperatingIncome": "9749000", "depreciation": "None", "depreciationAndAmortization": "108339000", "incomeBeforeTax": "52606000", "incomeTaxExpense": "16685000", "interestAndDebtExpense": "None", "netIncomeFromContinuingOperations": "31242000", "comprehensiveIncomeNetOfTax": "None", "ebit": "85054000", "ebitda": "193393000", "netIncome": "40838000"}, {"fiscalDateEnding": "2013-09-30", "reportedCurrency": "USD", "grossProfit": "141008000", "totalRevenue": "767987000", "costOfRevenue": "626979000", "costofGoodsAndServicesSold": "626979000", "operatingIncome": "58014000", "sellingGeneralAndAdministrative": "64347000", "researchAndDevelopment": "18647000", "operatingExpenses": "82994000", "investmentIncomeNet": "None", "netInterestIncome": "None", "interestIncome": "None", "interestExpense": "27347000", "nonInterestIncome": "None", "otherNonOperatingIncome": "7507000", "depreciation": "None", "depreciationAndAmortization": "106222000", "incomeBeforeTax": "38174000", "incomeTaxExpense": "12170000", "interestAndDebtExpense": "None", "netIncomeFromContinuingOperations": "26004000", "comprehensiveIncomeNetOfTax": "None", "ebit": "68014000", "ebitda": "174236000", "netIncome": "25349000"}, {"fiscalDateEnding": "2013-06-30", "reportedCurrency": "USD", "grossProfit": "138379000", "totalRevenue": "746059000", "costOfRevenue": "607680000", "costofGoodsAndServicesSold": "607680000", "operatingIncome": "58453000", "sellingGeneralAndAdministrative": "65618000", "researchAndDevelopment": "14308000", "operatingExpenses": "79926000", "investmentIncomeNet": "None", "netInterestIncome": "None", "interestIncome": "None", "interestExpense": "26931000", "nonInterestIncome": "None", "otherNonOperatingIncome": "-11431000", "depreciation": "None", "depreciationAndAmortization": "98637000", "incomeBeforeTax": "20091000", "incomeTaxExpense": "-10238000", "interestAndDebtExpense": "None", "netIncomeFromContinuingOperations": "30329000", "comprehensiveIncomeNetOfTax": "None", "ebit": "60682000", "ebitda": "159319000", "netIncome": "29225000"}, {"fiscalDateEnding": "2013-03-31", "reportedCurrency": "USD", "grossProfit": "114953000", "totalRevenue": "687529000", "costOfRevenue": "572576000", "costofGoodsAndServicesSold": "572576000", "operatingIncome": "41088000", "sellingGeneralAndAdministrative": "59559000", "researchAndDevelopment": "14306000", "operatingExpenses": "73865000", "investmentIncomeNet": "None", "netInterestIncome": "None", "interestIncome": "None", "interestExpense": "25570000", "nonInterestIncome": "None", "otherNonOperatingIncome": "2277000", "depreciation": "None", "depreciationAndAmortization": "97148000", "incomeBeforeTax": "17795000", "incomeTaxExpense": "4029000", "interestAndDebtExpense": "None", "netIncomeFromContinuingOperations": "13766000", "comprehensiveIncomeNetOfTax": "None", "ebit": "43310000", "ebitda": "140458000", "netIncome": "13382000"}, {"fiscalDateEnding": "2012-12-31", "reportedCurrency": "USD", "grossProfit": "133322000", "totalRevenue": "722956000", "costOfRevenue": "589634000", "costofGoodsAndServicesSold": "589634000", "operatingIncome": "63009000", "sellingGeneralAndAdministrative": "56959000", "researchAndDevelopment": "13354000", "operatingExpenses": "70313000", "investmentIncomeNet": "None", "netInterestIncome": "None", "interestIncome": "None", "interestExpense": "25139000", "nonInterestIncome": "None", "otherNonOperatingIncome": "None", "depreciation": "None", "depreciationAndAmortization": "97588000", "incomeBeforeTax": "37864000", "incomeTaxExpense": "9992000", "interestAndDebtExpense": "None", "netIncomeFromContinuingOperations": "0", "comprehensiveIncomeNetOfTax": "None", "ebit": "42403000", "ebitda": "139991000", "netIncome": "27346000"}, {"fiscalDateEnding": "2012-09-30", "reportedCurrency": "USD", "grossProfit": "116787000", "totalRevenue": "695353000", "costOfRevenue": "578566000", "costofGoodsAndServicesSold": "578566000", "operatingIncome": "54018000", "sellingGeneralAndAdministrative": "49297000", "researchAndDevelopment": "13472000", "operatingExpenses": "62769000", "investmentIncomeNet": "None", "netInterestIncome": "None", "interestIncome": "None", "interestExpense": "23182000", "nonInterestIncome": "None", "otherNonOperatingIncome": "None", "depreciation": "None", "depreciationAndAmortization": "93709000", "incomeBeforeTax": "32114000", "incomeTaxExpense": "9538000", "interestAndDebtExpense": "None", "netIncomeFromContinuingOperations": "0", "comprehensiveIncomeNetOfTax": "None", "ebit": "55296000", "ebitda": "149005000", "netIncome": "22317000"}, {"fiscalDateEnding": "2012-06-30", "reportedCurrency": "USD", "grossProfit": "89320000", "totalRevenue": "686527000", "costOfRevenue": "597207000", "costofGoodsAndServicesSold": "597207000", "operatingIncome": "21964000", "sellingGeneralAndAdministrative": "53489000", "researchAndDevelopment": "13867000", "operatingExpenses": "67356000", "investmentIncomeNet": "None", "netInterestIncome": "None", "interestIncome": "None", "interestExpense": "25944000", "nonInterestIncome": "None", "otherNonOperatingIncome": "None", "depreciation": "None", "depreciationAndAmortization": "90736000", "incomeBeforeTax": "-3019000", "incomeTaxExpense": "-3891000", "interestAndDebtExpense": "None", "netIncomeFromContinuingOperations": "0", "comprehensiveIncomeNetOfTax": "None", "ebit": "22925000", "ebitda": "113661000", "netIncome": "577000"}, {"fiscalDateEnding": "2012-03-31", "reportedCurrency": "USD", "grossProfit": "104981000", "totalRevenue": "655010000", "costOfRevenue": "550029000", "costofGoodsAndServicesSold": "550029000", "operatingIncome": "34301000", "sellingGeneralAndAdministrative": "57255000", "researchAndDevelopment": "13425000", "operatingExpenses": "70680000", "investmentIncomeNet": "None", "netInterestIncome": "None", "interestIncome": "None", "interestExpense": "22078000", "nonInterestIncome": "None", "otherNonOperatingIncome": "None", "depreciation": "None", "depreciationAndAmortization": "88446000", "incomeBeforeTax": "14944000", "incomeTaxExpense": "3362000", "interestAndDebtExpense": "None", "netIncomeFromContinuingOperations": "0", "comprehensiveIncomeNetOfTax": "None", "ebit": "37022000", "ebitda": "125468000", "netIncome": "11774000"}, {"fiscalDateEnding": "2011-12-31", "reportedCurrency": "USD", "grossProfit": "111827000", "totalRevenue": "683769000", "costOfRevenue": "571942000", "costofGoodsAndServicesSold": "571942000", "operatingIncome": "43702000", "sellingGeneralAndAdministrative": "55660000", "researchAndDevelopment": "12465000", "operatingExpenses": "68125000", "investmentIncomeNet": "None", "netInterestIncome": "None", "interestIncome": "None", "interestExpense": "21712000", "nonInterestIncome": "None", "otherNonOperatingIncome": "None", "depreciation": "None", "depreciationAndAmortization": "86101000", "incomeBeforeTax": "23210000", "incomeTaxExpense": "-2351000", "interestAndDebtExpense": "None", "netIncomeFromContinuingOperations": "0", "comprehensiveIncomeNetOfTax": "None", "ebit": "44922000", "ebitda": "131023000", "netIncome": "24850000"}, {"fiscalDateEnding": "2011-09-30", "reportedCurrency": "USD", "grossProfit": "122239000", "totalRevenue": "740007000", "costOfRevenue": "617768000", "costofGoodsAndServicesSold": "617768000", "operatingIncome": "43995000", "sellingGeneralAndAdministrative": "65011000", "researchAndDevelopment": "13233000", "operatingExpenses": "78244000", "investmentIncomeNet": "None", "netInterestIncome": "None", "interestIncome": "None", "interestExpense": "21086000", "nonInterestIncome": "None", "otherNonOperatingIncome": "6913000", "depreciation": "None", "depreciationAndAmortization": "83075000", "incomeBeforeTax": "29822000", "incomeTaxExpense": "2499000", "interestAndDebtExpense": "None", "netIncomeFromContinuingOperations": "27323000", "comprehensiveIncomeNetOfTax": "None", "ebit": "50908000", "ebitda": "133983000", "netIncome": "27367000"}, {"fiscalDateEnding": "2011-06-30", "reportedCurrency": "USD", "grossProfit": "129817000", "totalRevenue": "687633000", "costOfRevenue": "557816000", "costofGoodsAndServicesSold": "557816000", "operatingIncome": "55974000", "sellingGeneralAndAdministrative": "61284000", "researchAndDevelopment": "12559000", "operatingExpenses": "73843000", "investmentIncomeNet": "None", "netInterestIncome": "None", "interestIncome": "None", "interestExpense": "22439000", "nonInterestIncome": "None", "otherNonOperatingIncome": "-15496000", "depreciation": "None", "depreciationAndAmortization": "83026000", "incomeBeforeTax": "18039000", "incomeTaxExpense": "3594000", "interestAndDebtExpense": "None", "netIncomeFromContinuingOperations": "14445000", "comprehensiveIncomeNetOfTax": "None", "ebit": "40478000", "ebitda": "123504000", "netIncome": "14488000"}, {"fiscalDateEnding": "2011-03-31", "reportedCurrency": "USD", "grossProfit": "126686000", "totalRevenue": "664950000", "costOfRevenue": "538264000", "costofGoodsAndServicesSold": "538264000", "operatingIncome": "49999000", "sellingGeneralAndAdministrative": "64558000", "researchAndDevelopment": "12129000", "operatingExpenses": "76687000", "investmentIncomeNet": "None", "netInterestIncome": "None", "interestIncome": "None", "interestExpense": "21369000", "nonInterestIncome": "None", "otherNonOperatingIncome": "518000", "depreciation": "None", "depreciationAndAmortization": "83442000", "incomeBeforeTax": "29148000", "incomeTaxExpense": "3382000", "interestAndDebtExpense": "None", "netIncomeFromContinuingOperations": "25766000", "comprehensiveIncomeNetOfTax": "None", "ebit": "50517000", "ebitda": "133959000", "netIncome": "25103000"}, {"fiscalDateEnding": "2010-12-31", "reportedCurrency": "USD", "grossProfit": "159343000", "totalRevenue": "750609000", "costOfRevenue": "591266000", "costofGoodsAndServicesSold": "591266000", "operatingIncome": "86209000", "sellingGeneralAndAdministrative": "62037000", "researchAndDevelopment": "11097000", "operatingExpenses": "73134000", "investmentIncomeNet": "None", "netInterestIncome": "None", "interestIncome": "None", "interestExpense": "23015000", "nonInterestIncome": "None", "otherNonOperatingIncome": "None", "depreciation": "None", "depreciationAndAmortization": "86383000", "incomeBeforeTax": "60819000", "incomeTaxExpense": "10058000", "interestAndDebtExpense": "None", "netIncomeFromContinuingOperations": "0", "comprehensiveIncomeNetOfTax": "None", "ebit": "83834000", "ebitda": "170217000", "netIncome": "50604000"}, {"fiscalDateEnding": "2010-09-30", "reportedCurrency": "USD", "grossProfit": "188258000", "totalRevenue": "793971000", "costOfRevenue": "605713000", "costofGoodsAndServicesSold": "605713000", "operatingIncome": "117854000", "sellingGeneralAndAdministrative": "57735000", "researchAndDevelopment": "12669000", "operatingExpenses": "70404000", "investmentIncomeNet": "None", "netInterestIncome": "None", "interestIncome": "None", "interestExpense": "23426000", "nonInterestIncome": "None", "otherNonOperatingIncome": "None", "depreciation": "None", "depreciationAndAmortization": "82819000", "incomeBeforeTax": "88691000", "incomeTaxExpense": "10321000", "interestAndDebtExpense": "None", "netIncomeFromContinuingOperations": "0", "comprehensiveIncomeNetOfTax": "None", "ebit": "112117000", "ebitda": "194936000", "netIncome": "78020000"}, {"fiscalDateEnding": "2010-06-30", "reportedCurrency": "USD", "grossProfit": "179199000", "totalRevenue": "749165000", "costOfRevenue": "569966000", "costofGoodsAndServicesSold": "569966000", "operatingIncome": "100748000", "sellingGeneralAndAdministrative": "66356000", "researchAndDevelopment": "12095000", "operatingExpenses": "78451000", "investmentIncomeNet": "None", "netInterestIncome": "None", "interestIncome": "None", "interestExpense": "28223000", "nonInterestIncome": "None", "otherNonOperatingIncome": "None", "depreciation": "None", "depreciationAndAmortization": "78601000", "incomeBeforeTax": "57743000", "incomeTaxExpense": "-1200000", "interestAndDebtExpense": "None", "netIncomeFromContinuingOperations": "0", "comprehensiveIncomeNetOfTax": "None", "ebit": "85966000", "ebitda": "164567000", "netIncome": "59050000"}, {"fiscalDateEnding": "2010-03-31", "reportedCurrency": "USD", "grossProfit": "136956000", "totalRevenue": "645738000", "costOfRevenue": "508782000", "costofGoodsAndServicesSold": "508782000", "operatingIncome": "68987000", "sellingGeneralAndAdministrative": "56296000", "researchAndDevelopment": "11673000", "operatingExpenses": "67969000", "investmentIncomeNet": "None", "netInterestIncome": "None", "interestIncome": "None", "interestExpense": "26181000", "nonInterestIncome": "None", "otherNonOperatingIncome": "None", "depreciation": "None", "depreciationAndAmortization": "75805000", "incomeBeforeTax": "43906000", "incomeTaxExpense": "-167000", "interestAndDebtExpense": "None", "netIncomeFromContinuingOperations": "0", "comprehensiveIncomeNetOfTax": "None", "ebit": "70087000", "ebitda": "145892000", "netIncome": "44297000"}, {"fiscalDateEnding": "2009-12-31", "reportedCurrency": "USD", "grossProfit": "175354000", "totalRevenue": "667612000", "costOfRevenue": "492258000", "costofGoodsAndServicesSold": "492258000", "operatingIncome": "109807000", "sellingGeneralAndAdministrative": "54775000", "researchAndDevelopment": "10907000", "operatingExpenses": "65401000", "investmentIncomeNet": "None", "netInterestIncome": "None", "interestIncome": "None", "interestExpense": "28773000", "nonInterestIncome": "None", "otherNonOperatingIncome": "None", "depreciation": "None", "depreciationAndAmortization": "74623000", "incomeBeforeTax": "84062000", "incomeTaxExpense": "-3820000", "interestAndDebtExpense": "None", "netIncomeFromContinuingOperations": "0", "comprehensiveIncomeNetOfTax": "None", "ebit": "112835000", "ebitda": "187458000", "netIncome": "87986000"}, {"fiscalDateEnding": "2009-09-30", "reportedCurrency": "USD", "grossProfit": "154616000", "totalRevenue": "616205000", "costOfRevenue": "461589000", "costofGoodsAndServicesSold": "461589000", "operatingIncome": "87779000", "sellingGeneralAndAdministrative": "53619000", "researchAndDevelopment": "13364000", "operatingExpenses": "66983000", "investmentIncomeNet": "None", "netInterestIncome": "None", "interestIncome": "None", "interestExpense": "28278000", "nonInterestIncome": "None", "otherNonOperatingIncome": "None", "depreciation": "None", "depreciationAndAmortization": "74380000", "incomeBeforeTax": "50142000", "incomeTaxExpense": "-30854000", "interestAndDebtExpense": "None", "netIncomeFromContinuingOperations": "0", "comprehensiveIncomeNetOfTax": "None", "ebit": "78901000", "ebitda": "153281000", "netIncome": "80863000"}, {"fiscalDateEnding": "2009-06-30", "reportedCurrency": "USD", "grossProfit": "102387000", "totalRevenue": "506516000", "costOfRevenue": "404129000", "costofGoodsAndServicesSold": "404129000", "operatingIncome": "39907000", "sellingGeneralAndAdministrative": "52445000", "researchAndDevelopment": "10035000", "operatingExpenses": "62480000", "investmentIncomeNet": "None", "netInterestIncome": "None", "interestIncome": "None", "interestExpense": "30638000", "nonInterestIncome": "None", "otherNonOperatingIncome": "None", "depreciation": "None", "depreciationAndAmortization": "76558000", "incomeBeforeTax": "11197000", "incomeTaxExpense": "1833000", "interestAndDebtExpense": "None", "netIncomeFromContinuingOperations": "0", "comprehensiveIncomeNetOfTax": "None", "ebit": "42447000", "ebitda": "119005000", "netIncome": "9223000"}, {"fiscalDateEnding": "2009-03-31", "reportedCurrency": "USD", "grossProfit": "48039000", "totalRevenue": "388776000", "costOfRevenue": "340737000", "costofGoodsAndServicesSold": "340737000", "operatingIncome": "-12176000", "sellingGeneralAndAdministrative": "50068000", "researchAndDevelopment": "10147000", "operatingExpenses": "60215000", "investmentIncomeNet": "None", "netInterestIncome": "None", "interestIncome": "None", "interestExpense": "27707000", "nonInterestIncome": "None", "otherNonOperatingIncome": "None", "depreciation": "None", "depreciationAndAmortization": "79949000", "incomeBeforeTax": "-18878000", "incomeTaxExpense": "3081000", "interestAndDebtExpense": "None", "netIncomeFromContinuingOperations": "0", "comprehensiveIncomeNetOfTax": "None", "ebit": "9261000", "ebitda": "89210000", "netIncome": "-22092000"}, {"fiscalDateEnding": "2008-12-31", "reportedCurrency": "USD", "grossProfit": "97624000", "totalRevenue": "548712000", "costOfRevenue": "451088000", "costofGoodsAndServicesSold": "451088000", "operatingIncome": "-645084000", "sellingGeneralAndAdministrative": "58399000", "researchAndDevelopment": "13192000", "operatingExpenses": "71591000", "investmentIncomeNet": "None", "netInterestIncome": "None", "interestIncome": "None", "interestExpense": "109980000", "nonInterestIncome": "None", "otherNonOperatingIncome": "None", "depreciation": "None", "depreciationAndAmortization": "80419000", "incomeBeforeTax": "-619768000", "incomeTaxExpense": "5237000", "interestAndDebtExpense": "None", "netIncomeFromContinuingOperations": "0", "comprehensiveIncomeNetOfTax": "None", "ebit": "-547036000", "ebitda": "-466617000", "netIncome": "-623078000"}, {"fiscalDateEnding": "2008-09-30", "reportedCurrency": "USD", "grossProfit": "129031000", "totalRevenue": "719731000", "costOfRevenue": "590700000", "costofGoodsAndServicesSold": "590700000", "operatingIncome": "54480000", "sellingGeneralAndAdministrative": "60467000", "researchAndDevelopment": "14084000", "operatingExpenses": "74551000", "investmentIncomeNet": "None", "netInterestIncome": "None", "interestIncome": "None", "interestExpense": "30119000", "nonInterestIncome": "None", "otherNonOperatingIncome": "None", "depreciation": "None", "depreciationAndAmortization": "78958000", "incomeBeforeTax": "46081000", "incomeTaxExpense": "16313000", "interestAndDebtExpense": "None", "netIncomeFromContinuingOperations": "0", "comprehensiveIncomeNetOfTax": "None", "ebit": "31198000", "ebitda": "110156000", "netIncome": "29155000"}, {"fiscalDateEnding": "2008-06-30", "reportedCurrency": "USD", "grossProfit": "158931000", "totalRevenue": "690676000", "costOfRevenue": "531745000", "costofGoodsAndServicesSold": "531745000", "operatingIncome": "86251000", "sellingGeneralAndAdministrative": "67441000", "researchAndDevelopment": "15095000", "operatingExpenses": "72680000", "investmentIncomeNet": "None", "netInterestIncome": "None", "interestIncome": "None", "interestExpense": "26314000", "nonInterestIncome": "None", "otherNonOperatingIncome": "None", "depreciation": "None", "depreciationAndAmortization": "77026000", "incomeBeforeTax": "69865000", "incomeTaxExpense": "4298000", "interestAndDebtExpense": "None", "netIncomeFromContinuingOperations": "0", "comprehensiveIncomeNetOfTax": "None", "ebit": "97741000", "ebitda": "174767000", "netIncome": "65232000"}, {"fiscalDateEnding": "2008-03-31", "reportedCurrency": "USD", "grossProfit": "176152000", "totalRevenue": "699483000", "costOfRevenue": "523331000", "costofGoodsAndServicesSold": "523331000", "operatingIncome": "96847000", "sellingGeneralAndAdministrative": "65449000", "researchAndDevelopment": "13856000", "operatingExpenses": "79305000", "investmentIncomeNet": "None", "netInterestIncome": "None", "interestIncome": "None", "interestExpense": "27433000", "nonInterestIncome": "None", "otherNonOperatingIncome": "None", "depreciation": "None", "depreciationAndAmortization": "73517000", "incomeBeforeTax": "78134000", "incomeTaxExpense": "5940000", "interestAndDebtExpense": "None", "netIncomeFromContinuingOperations": "0", "comprehensiveIncomeNetOfTax": "None", "ebit": "86564000", "ebitda": "160081000", "netIncome": "71996000"}, {"fiscalDateEnding": "2007-12-31", "reportedCurrency": "USD", "grossProfit": "202912000", "totalRevenue": "746888000", "costOfRevenue": "543976000", "costofGoodsAndServicesSold": "543976000", "operatingIncome": "130050000", "sellingGeneralAndAdministrative": "62142000", "researchAndDevelopment": "10720000", "operatingExpenses": "72862000", "investmentIncomeNet": "None", "netInterestIncome": "None", "interestIncome": "None", "interestExpense": "124099000", "nonInterestIncome": "None", "otherNonOperatingIncome": "None", "depreciation": "None", "depreciationAndAmortization": "73150000", "incomeBeforeTax": "97351000", "incomeTaxExpense": "3024000", "interestAndDebtExpense": "None", "netIncomeFromContinuingOperations": "0", "comprehensiveIncomeNetOfTax": "None", "ebit": "130050000", "ebitda": "203200000", "netIncome": "93664000"}, {"fiscalDateEnding": "2007-09-30", "reportedCurrency": "USD", "grossProfit": "169931000", "totalRevenue": "689083000", "costOfRevenue": "519152000", "costofGoodsAndServicesSold": "519152000", "operatingIncome": "97286000", "sellingGeneralAndAdministrative": "64080000", "researchAndDevelopment": "10282000", "operatingExpenses": "72645000", "investmentIncomeNet": "None", "netInterestIncome": "None", "interestIncome": "None", "interestExpense": "29336000", "nonInterestIncome": "None", "otherNonOperatingIncome": "None", "depreciation": "None", "depreciationAndAmortization": "74175000", "incomeBeforeTax": "62734000", "incomeTaxExpense": "1194000", "interestAndDebtExpense": "None", "netIncomeFromContinuingOperations": "0", "comprehensiveIncomeNetOfTax": "None", "ebit": "23111000", "ebitda": "97286000", "netIncome": "60620000"}, {"fiscalDateEnding": "2007-06-30", "reportedCurrency": "USD", "grossProfit": "161692000", "totalRevenue": "652486000", "costOfRevenue": "490794000", "costofGoodsAndServicesSold": "490794000", "operatingIncome": "88309000", "sellingGeneralAndAdministrative": "62360000", "researchAndDevelopment": "11023000", "operatingExpenses": "73383000", "investmentIncomeNet": "None", "netInterestIncome": "None", "interestIncome": "None", "interestExpense": "31114000", "nonInterestIncome": "None", "otherNonOperatingIncome": "None", "depreciation": "None", "depreciationAndAmortization": "70140000", "incomeBeforeTax": "35728000", "incomeTaxExpense": "4272000", "interestAndDebtExpense": "None", "netIncomeFromContinuingOperations": "0", "comprehensiveIncomeNetOfTax": "None", "ebit": "18169000", "ebitda": "88309000", "netIncome": "30990000"}, {"fiscalDateEnding": "2007-03-31", "reportedCurrency": "USD", "grossProfit": "147338000", "totalRevenue": "650988000", "costOfRevenue": "503650000", "costofGoodsAndServicesSold": "503650000", "operatingIncome": "75046000", "sellingGeneralAndAdministrative": "62667000", "researchAndDevelopment": "9625000", "operatingExpenses": "72292000", "investmentIncomeNet": "None", "netInterestIncome": "None", "interestIncome": "None", "interestExpense": "35160000", "nonInterestIncome": "None", "otherNonOperatingIncome": "None", "depreciation": "None", "depreciationAndAmortization": "71364000", "incomeBeforeTax": "39024000", "incomeTaxExpense": "4107000", "interestAndDebtExpense": "None", "netIncomeFromContinuingOperations": "0", "comprehensiveIncomeNetOfTax": "None", "ebit": "3682000", "ebitda": "75046000", "netIncome": "34590000"}, {"fiscalDateEnding": "2006-12-31", "reportedCurrency": "USD", "grossProfit": "173132000", "totalRevenue": "683011000", "costOfRevenue": "509879000", "costofGoodsAndServicesSold": "509879000", "operatingIncome": "101301000", "sellingGeneralAndAdministrative": "62494000", "researchAndDevelopment": "9337000", "operatingExpenses": "71831000", "investmentIncomeNet": "None", "netInterestIncome": "None", "interestIncome": "None", "interestExpense": "154807000", "nonInterestIncome": "None", "otherNonOperatingIncome": "None", "depreciation": "None", "depreciationAndAmortization": "82700000", "incomeBeforeTax": "62314000", "incomeTaxExpense": "2743000", "interestAndDebtExpense": "None", "netIncomeFromContinuingOperations": "0", "comprehensiveIncomeNetOfTax": "None", "ebit": "102248000", "ebitda": "184948000", "netIncome": "59047000"}, {"fiscalDateEnding": "2006-09-30", "reportedCurrency": "USD", "grossProfit": "177767000", "totalRevenue": "713829000", "costOfRevenue": "536062000", "costofGoodsAndServicesSold": "536062000", "operatingIncome": "99637000", "sellingGeneralAndAdministrative": "68477000", "researchAndDevelopment": "9653000", "operatingExpenses": "78130000", "investmentIncomeNet": "None", "netInterestIncome": "None", "interestIncome": "None", "interestExpense": "41157000", "nonInterestIncome": "None", "otherNonOperatingIncome": "None", "depreciation": "None", "depreciationAndAmortization": "69540000", "incomeBeforeTax": "55914000", "incomeTaxExpense": "2881000", "interestAndDebtExpense": "None", "netIncomeFromContinuingOperations": "0", "comprehensiveIncomeNetOfTax": "None", "ebit": "99637000", "ebitda": "169177000", "netIncome": "52810000"}, {"fiscalDateEnding": "2006-06-30", "reportedCurrency": "USD", "grossProfit": "169324000", "totalRevenue": "686631000", "costOfRevenue": "517307000", "costofGoodsAndServicesSold": "517307000", "operatingIncome": "100042000", "sellingGeneralAndAdministrative": "58967000", "researchAndDevelopment": "10315000", "operatingExpenses": "69282000", "investmentIncomeNet": "None", "netInterestIncome": "None", "interestIncome": "None", "interestExpense": "42163000", "nonInterestIncome": "None", "otherNonOperatingIncome": "None", "depreciation": "None", "depreciationAndAmortization": "67464000", "incomeBeforeTax": "26100000", "incomeTaxExpense": "1972000", "interestAndDebtExpense": "None", "netIncomeFromContinuingOperations": "0", "comprehensiveIncomeNetOfTax": "None", "ebit": "100042000", "ebitda": "167506000", "netIncome": "23788000"}, {"fiscalDateEnding": "2006-03-31", "reportedCurrency": "USD", "grossProfit": "155018000", "totalRevenue": "645089000", "costOfRevenue": "490071000", "costofGoodsAndServicesSold": "490071000", "operatingIncome": "84337000", "sellingGeneralAndAdministrative": "60251000", "researchAndDevelopment": "9430000", "operatingExpenses": "70681000", "investmentIncomeNet": "None", "netInterestIncome": "None", "interestIncome": "None", "interestExpense": "41157000", "nonInterestIncome": "None", "otherNonOperatingIncome": "None", "depreciation": "None", "depreciationAndAmortization": "66061000", "incomeBeforeTax": "38400000", "incomeTaxExpense": "3612000", "interestAndDebtExpense": "None", "netIncomeFromContinuingOperations": "0", "comprehensiveIncomeNetOfTax": "None", "ebit": "88329000", "ebitda": "154390000", "netIncome": "34439000"}, {"fiscalDateEnding": "2005-12-31", "reportedCurrency": "USD", "grossProfit": "155716000", "totalRevenue": "643492000", "costOfRevenue": "487776000", "costofGoodsAndServicesSold": "487776000", "operatingIncome": "94229000", "sellingGeneralAndAdministrative": "106242000", "researchAndDevelopment": "9653000", "operatingExpenses": "61487000", "investmentIncomeNet": "None", "netInterestIncome": "None", "interestIncome": "None", "interestExpense": "521000", "nonInterestIncome": "None", "otherNonOperatingIncome": "None", "depreciation": "None", "depreciationAndAmortization": "72610000", "incomeBeforeTax": "48775000", "incomeTaxExpense": "-5226000", "interestAndDebtExpense": "None", "netIncomeFromContinuingOperations": "0", "comprehensiveIncomeNetOfTax": "None", "ebit": "94229000", "ebitda": "166839000", "netIncome": "54001000"}]}