{"symbol": "AIOT", "annualReports": [{"fiscalDateEnding": "2024-12-31", "reportedCurrency": "USD", "grossProfit": "194537000", "totalRevenue": "362515000", "costOfRevenue": "167978000", "costofGoodsAndServicesSold": "167978000", "operatingIncome": "-25885000", "sellingGeneralAndAdministrative": "204361000", "researchAndDevelopment": "16061000", "operatingExpenses": "220422000", "investmentIncomeNet": "None", "netInterestIncome": "-19404000", "interestIncome": "926000", "interestExpense": "20330000", "nonInterestIncome": "None", "otherNonOperatingIncome": "None", "depreciation": "None", "depreciationAndAmortization": "41760000", "incomeBeforeTax": "-46452000", "incomeTaxExpense": "4517000", "interestAndDebtExpense": "None", "netIncomeFromContinuingOperations": "-50969000", "comprehensiveIncomeNetOfTax": "None", "ebit": "15043000", "ebitda": "56803000", "netIncome": "-50987000"}, {"fiscalDateEnding": "2023-12-31", "reportedCurrency": "USD", "grossProfit": "194537000", "totalRevenue": "362515000", "costOfRevenue": "167978000", "costofGoodsAndServicesSold": "167978000", "operatingIncome": "-25885000", "sellingGeneralAndAdministrative": "71253000", "researchAndDevelopment": "16061000", "operatingExpenses": "220422000", "investmentIncomeNet": "None", "netInterestIncome": "-1499000", "interestIncome": "103000", "interestExpense": "1602000", "nonInterestIncome": "None", "otherNonOperatingIncome": "None", "depreciation": "None", "depreciationAndAmortization": "41760000", "incomeBeforeTax": "-46452000", "incomeTaxExpense": "4517000", "interestAndDebtExpense": "None", "netIncomeFromContinuingOperations": "-5640000", "comprehensiveIncomeNetOfTax": "None", "ebit": "15043000", "ebitda": "56803000", "netIncome": "-50987000"}, {"fiscalDateEnding": "2022-12-31", "reportedCurrency": "USD", "grossProfit": "64171000", "totalRevenue": "135157000", "costOfRevenue": "70986000", "costofGoodsAndServicesSold": "70986000", "operatingIncome": "-6947000", "sellingGeneralAndAdministrative": "63492000", "researchAndDevelopment": "8964000", "operatingExpenses": "71118000", "investmentIncomeNet": "None", "netInterestIncome": "1065000", "interestIncome": "1065000", "interestExpense": "1695000", "nonInterestIncome": "None", "otherNonOperatingIncome": "None", "depreciation": "None", "depreciationAndAmortization": "11018000", "incomeBeforeTax": "-6705000", "incomeTaxExpense": "296000", "interestAndDebtExpense": "None", "netIncomeFromContinuingOperations": "-6752000", "comprehensiveIncomeNetOfTax": "None", "ebit": "-3192000", "ebitda": "7826000", "netIncome": "-7003000"}, {"fiscalDateEnding": "2021-12-31", "reportedCurrency": "USD", "grossProfit": "59753000", "totalRevenue": "125960000", "costOfRevenue": "66207000", "costofGoodsAndServicesSold": "66207000", "operatingIncome": "-8172000", "sellingGeneralAndAdministrative": "56496000", "researchAndDevelopment": "11429000", "operatingExpenses": "67925000", "investmentIncomeNet": "None", "netInterestIncome": "-2719000", "interestIncome": "45000", "interestExpense": "2764000", "nonInterestIncome": "None", "otherNonOperatingIncome": "None", "depreciation": "None", "depreciationAndAmortization": "8553000", "incomeBeforeTax": "-10883000", "incomeTaxExpense": "1888000", "interestAndDebtExpense": "None", "netIncomeFromContinuingOperations": "-12771000", "comprehensiveIncomeNetOfTax": "None", "ebit": "-8119000", "ebitda": "434000", "netIncome": "-12766000"}, {"fiscalDateEnding": "2020-12-31", "reportedCurrency": "USD", "grossProfit": "59017000", "totalRevenue": "113593000", "costOfRevenue": "54576000", "costofGoodsAndServicesSold": "54576000", "operatingIncome": "-3606000", "sellingGeneralAndAdministrative": "51878000", "researchAndDevelopment": "10597000", "operatingExpenses": "62623000", "investmentIncomeNet": "None", "netInterestIncome": "-4412000", "interestIncome": "55000", "interestExpense": "2330000", "nonInterestIncome": "None", "otherNonOperatingIncome": "None", "depreciation": "None", "depreciationAndAmortization": "11257000", "incomeBeforeTax": "-7972000", "incomeTaxExpense": "1038000", "interestAndDebtExpense": "None", "netIncomeFromContinuingOperations": "-9010000", "comprehensiveIncomeNetOfTax": "None", "ebit": "-3505000", "ebitda": "7752000", "netIncome": "-9007000"}, {"fiscalDateEnding": "2019-12-31", "reportedCurrency": "USD", "grossProfit": "38364000", "totalRevenue": "81915000", "costOfRevenue": "43551000", "costofGoodsAndServicesSold": "43551000", "operatingIncome": "-9758000", "sellingGeneralAndAdministrative": "None", "researchAndDevelopment": "8540000", "operatingExpenses": "48122000", "investmentIncomeNet": "None", "netInterestIncome": "None", "interestIncome": "None", "interestExpense": "948000", "nonInterestIncome": "None", "otherNonOperatingIncome": "None", "depreciation": "None", "depreciationAndAmortization": "2819000", "incomeBeforeTax": "-10906000", "incomeTaxExpense": "75000", "interestAndDebtExpense": "None", "netIncomeFromContinuingOperations": "None", "comprehensiveIncomeNetOfTax": "None", "ebit": "-4623000", "ebitda": "-1804000", "netIncome": "-10963000"}, {"fiscalDateEnding": "2018-12-31", "reportedCurrency": "None", "grossProfit": "25798000", "totalRevenue": "53064000", "costOfRevenue": "27266000", "costofGoodsAndServicesSold": "27266000", "operatingIncome": "-5736000", "sellingGeneralAndAdministrative": "None", "researchAndDevelopment": "6863000", "operatingExpenses": "31534000", "investmentIncomeNet": "None", "netInterestIncome": "None", "interestIncome": "None", "interestExpense": "173000", "nonInterestIncome": "None", "otherNonOperatingIncome": "None", "depreciation": "None", "depreciationAndAmortization": "1561000", "incomeBeforeTax": "-5812000", "incomeTaxExpense": "97000", "interestAndDebtExpense": "None", "netIncomeFromContinuingOperations": "None", "comprehensiveIncomeNetOfTax": "None", "ebit": "-5639000", "ebitda": "-4078000", "netIncome": "-5812000"}, {"fiscalDateEnding": "2017-12-31", "reportedCurrency": "None", "grossProfit": "20927000", "totalRevenue": "40958000", "costOfRevenue": "20031000", "costofGoodsAndServicesSold": "20031000", "operatingIncome": "-4091000", "sellingGeneralAndAdministrative": "None", "researchAndDevelopment": "3965000", "operatingExpenses": "25018000", "investmentIncomeNet": "None", "netInterestIncome": "None", "interestIncome": "None", "interestExpense": "342000", "nonInterestIncome": "None", "otherNonOperatingIncome": "None", "depreciation": "None", "depreciationAndAmortization": "1132000", "incomeBeforeTax": "-4181000", "incomeTaxExpense": "-311000", "interestAndDebtExpense": "None", "netIncomeFromContinuingOperations": "None", "comprehensiveIncomeNetOfTax": "None", "ebit": "-3839000", "ebitda": "-2707000", "netIncome": "-3870000"}, {"fiscalDateEnding": "2016-12-31", "reportedCurrency": "None", "grossProfit": "18294000", "totalRevenue": "36822000", "costOfRevenue": "18528000", "costofGoodsAndServicesSold": "18528000", "operatingIncome": "-6368000", "sellingGeneralAndAdministrative": "None", "researchAndDevelopment": "4536000", "operatingExpenses": "24662000", "investmentIncomeNet": "None", "netInterestIncome": "None", "interestIncome": "None", "interestExpense": "293000", "nonInterestIncome": "None", "otherNonOperatingIncome": "None", "depreciation": "None", "depreciationAndAmortization": "685000", "incomeBeforeTax": "-6370000", "incomeTaxExpense": "299000", "interestAndDebtExpense": "None", "netIncomeFromContinuingOperations": "None", "comprehensiveIncomeNetOfTax": "None", "ebit": "-6077000", "ebitda": "-5392000", "netIncome": "-6370000"}, {"fiscalDateEnding": "2015-12-31", "reportedCurrency": "None", "grossProfit": "17023000", "totalRevenue": "41784000", "costOfRevenue": "24761000", "costofGoodsAndServicesSold": "24761000", "operatingIncome": "-10283000", "sellingGeneralAndAdministrative": "None", "researchAndDevelopment": "4556000", "operatingExpenses": "27306000", "investmentIncomeNet": "None", "netInterestIncome": "None", "interestIncome": "None", "interestExpense": "None", "nonInterestIncome": "None", "otherNonOperatingIncome": "None", "depreciation": "None", "depreciationAndAmortization": "718000", "incomeBeforeTax": "-9952000", "incomeTaxExpense": "-342000", "interestAndDebtExpense": "None", "netIncomeFromContinuingOperations": "None", "comprehensiveIncomeNetOfTax": "None", "ebit": "-10283000", "ebitda": "-9565000", "netIncome": "-9952000"}, {"fiscalDateEnding": "2014-12-31", "reportedCurrency": "None", "grossProfit": "20006000", "totalRevenue": "45633000", "costOfRevenue": "25627000", "costofGoodsAndServicesSold": "25627000", "operatingIncome": "-12178000", "sellingGeneralAndAdministrative": "None", "researchAndDevelopment": "6649000", "operatingExpenses": "32184000", "investmentIncomeNet": "None", "netInterestIncome": "None", "interestIncome": "None", "interestExpense": "None", "nonInterestIncome": "None", "otherNonOperatingIncome": "None", "depreciation": "None", "depreciationAndAmortization": "2216000", "incomeBeforeTax": "-11575000", "incomeTaxExpense": "-566000", "interestAndDebtExpense": "None", "netIncomeFromContinuingOperations": "None", "comprehensiveIncomeNetOfTax": "None", "ebit": "-12178000", "ebitda": "-9962000", "netIncome": "-11575000"}, {"fiscalDateEnding": "2013-12-31", "reportedCurrency": "None", "grossProfit": "17910000", "totalRevenue": "39946000", "costOfRevenue": "22036000", "costofGoodsAndServicesSold": "22036000", "operatingIncome": "-8248000", "sellingGeneralAndAdministrative": "None", "researchAndDevelopment": "4389000", "operatingExpenses": "26158000", "investmentIncomeNet": "None", "netInterestIncome": "None", "interestIncome": "None", "interestExpense": "None", "nonInterestIncome": "None", "otherNonOperatingIncome": "None", "depreciation": "None", "depreciationAndAmortization": "2171000", "incomeBeforeTax": "-7562000", "incomeTaxExpense": "-63000", "interestAndDebtExpense": "None", "netIncomeFromContinuingOperations": "None", "comprehensiveIncomeNetOfTax": "None", "ebit": "-8248000", "ebitda": "-6077000", "netIncome": "-7499000"}, {"fiscalDateEnding": "2012-12-31", "reportedCurrency": "None", "grossProfit": "22930000", "totalRevenue": "44635000", "costOfRevenue": "21705000", "costofGoodsAndServicesSold": "21705000", "operatingIncome": "-3820000", "sellingGeneralAndAdministrative": "None", "researchAndDevelopment": "4341000", "operatingExpenses": "26750000", "investmentIncomeNet": "None", "netInterestIncome": "None", "interestIncome": "None", "interestExpense": "None", "nonInterestIncome": "None", "otherNonOperatingIncome": "None", "depreciation": "None", "depreciationAndAmortization": "2186000", "incomeBeforeTax": "-3254000", "incomeTaxExpense": "-662000", "interestAndDebtExpense": "None", "netIncomeFromContinuingOperations": "None", "comprehensiveIncomeNetOfTax": "None", "ebit": "-3820000", "ebitda": "-1634000", "netIncome": "-2592000"}, {"fiscalDateEnding": "2011-12-31", "reportedCurrency": "None", "grossProfit": "20569000", "totalRevenue": "39292000", "costOfRevenue": "18723000", "costofGoodsAndServicesSold": "18723000", "operatingIncome": "-4960000", "sellingGeneralAndAdministrative": "None", "researchAndDevelopment": "3534000", "operatingExpenses": "25529000", "investmentIncomeNet": "None", "netInterestIncome": "None", "interestIncome": "None", "interestExpense": "None", "nonInterestIncome": "None", "otherNonOperatingIncome": "None", "depreciation": "None", "depreciationAndAmortization": "2367000", "incomeBeforeTax": "-4430000", "incomeTaxExpense": "-390000", "interestAndDebtExpense": "None", "netIncomeFromContinuingOperations": "None", "comprehensiveIncomeNetOfTax": "None", "ebit": "-4717000", "ebitda": "-2350000", "netIncome": "-4040000"}, {"fiscalDateEnding": "2010-12-31", "reportedCurrency": "None", "grossProfit": "14421000", "totalRevenue": "25861000", "costOfRevenue": "11440000", "costofGoodsAndServicesSold": "11440000", "operatingIncome": "-13334000", "sellingGeneralAndAdministrative": "None", "researchAndDevelopment": "4429000", "operatingExpenses": "27755000", "investmentIncomeNet": "None", "netInterestIncome": "None", "interestIncome": "None", "interestExpense": "56000", "nonInterestIncome": "None", "otherNonOperatingIncome": "None", "depreciation": "None", "depreciationAndAmortization": "2435000", "incomeBeforeTax": "-13230000", "incomeTaxExpense": "-723000", "interestAndDebtExpense": "None", "netIncomeFromContinuingOperations": "None", "comprehensiveIncomeNetOfTax": "None", "ebit": "-13438000", "ebitda": "-11003000", "netIncome": "-12611000"}, {"fiscalDateEnding": "2009-12-31", "reportedCurrency": "None", "grossProfit": "4762000", "totalRevenue": "10316000", "costOfRevenue": "5554000", "costofGoodsAndServicesSold": "5554000", "operatingIncome": "-14385000", "sellingGeneralAndAdministrative": "None", "researchAndDevelopment": "2604000", "operatingExpenses": "19147000", "investmentIncomeNet": "None", "netInterestIncome": "None", "interestIncome": "None", "interestExpense": "130000", "nonInterestIncome": "None", "otherNonOperatingIncome": "None", "depreciation": "None", "depreciationAndAmortization": "533000", "incomeBeforeTax": "-13995000", "incomeTaxExpense": "-1193000", "interestAndDebtExpense": "None", "netIncomeFromContinuingOperations": "None", "comprehensiveIncomeNetOfTax": "None", "ebit": "-14775000", "ebitda": "-14242000", "netIncome": "-13192000"}, {"fiscalDateEnding": "2008-12-31", "reportedCurrency": "None", "grossProfit": "13580000", "totalRevenue": "27046000", "costOfRevenue": "13466000", "costofGoodsAndServicesSold": "13466000", "operatingIncome": "-6063000", "sellingGeneralAndAdministrative": "None", "researchAndDevelopment": "2883000", "operatingExpenses": "19643000", "investmentIncomeNet": "None", "netInterestIncome": "None", "interestIncome": "None", "interestExpense": "None", "nonInterestIncome": "None", "otherNonOperatingIncome": "None", "depreciation": "None", "depreciationAndAmortization": "540000", "incomeBeforeTax": "-6401000", "incomeTaxExpense": "-1888000", "interestAndDebtExpense": "None", "netIncomeFromContinuingOperations": "None", "comprehensiveIncomeNetOfTax": "None", "ebit": "-5725000", "ebitda": "-5185000", "netIncome": "-4175000"}, {"fiscalDateEnding": "2007-12-31", "reportedCurrency": "None", "grossProfit": "8154000", "totalRevenue": "17083000", "costOfRevenue": "8929000", "costofGoodsAndServicesSold": "8929000", "operatingIncome": "-10658000", "sellingGeneralAndAdministrative": "None", "researchAndDevelopment": "2849000", "operatingExpenses": "18812000", "investmentIncomeNet": "None", "netInterestIncome": "None", "interestIncome": "None", "interestExpense": "None", "nonInterestIncome": "None", "otherNonOperatingIncome": "None", "depreciation": "None", "depreciationAndAmortization": "544000", "incomeBeforeTax": "-10569000", "incomeTaxExpense": "-3317000", "interestAndDebtExpense": "None", "netIncomeFromContinuingOperations": "None", "comprehensiveIncomeNetOfTax": "None", "ebit": "-10747000", "ebitda": "-10203000", "netIncome": "-7341000"}, {"fiscalDateEnding": "2006-12-31", "reportedCurrency": "None", "grossProfit": "11039000", "totalRevenue": "24740000", "costOfRevenue": "13701000", "costofGoodsAndServicesSold": "13701000", "operatingIncome": "-4543000", "sellingGeneralAndAdministrative": "None", "researchAndDevelopment": "2639000", "operatingExpenses": "15582000", "investmentIncomeNet": "None", "netInterestIncome": "None", "interestIncome": "None", "interestExpense": "None", "nonInterestIncome": "None", "otherNonOperatingIncome": "None", "depreciation": "None", "depreciationAndAmortization": "468000", "incomeBeforeTax": "-4388000", "incomeTaxExpense": "-2927000", "interestAndDebtExpense": "None", "netIncomeFromContinuingOperations": "None", "comprehensiveIncomeNetOfTax": "None", "ebit": "-4698000", "ebitda": "-4230000", "netIncome": "-1616000"}, {"fiscalDateEnding": "2005-12-31", "reportedCurrency": "None", "grossProfit": "9296000", "totalRevenue": "19004000", "costOfRevenue": "9708000", "costofGoodsAndServicesSold": "9708000", "operatingIncome": "531000", "sellingGeneralAndAdministrative": "None", "researchAndDevelopment": "1625000", "operatingExpenses": "8765000", "investmentIncomeNet": "None", "netInterestIncome": "None", "interestIncome": "None", "interestExpense": "None", "nonInterestIncome": "None", "otherNonOperatingIncome": "None", "depreciation": "None", "depreciationAndAmortization": "362000", "incomeBeforeTax": "682000", "incomeTaxExpense": "-320000", "interestAndDebtExpense": "None", "netIncomeFromContinuingOperations": "None", "comprehensiveIncomeNetOfTax": "None", "ebit": "380000", "ebitda": "742000", "netIncome": "851000"}], "quarterlyReports": [{"fiscalDateEnding": "2025-12-31", "reportedCurrency": "USD", "grossProfit": "62688000", "totalRevenue": "113487000", "costOfRevenue": "50799000", "costofGoodsAndServicesSold": "50799000", "operatingIncome": "6346000", "sellingGeneralAndAdministrative": "51770000", "researchAndDevelopment": "4572000", "operatingExpenses": "56342000", "investmentIncomeNet": "None", "netInterestIncome": "-6733000", "interestIncome": "111000", "interestExpense": "6844000", "nonInterestIncome": "None", "otherNonOperatingIncome": "None", "depreciation": "None", "depreciationAndAmortization": "15867000", "incomeBeforeTax": "-373000", "incomeTaxExpense": "2991000", "interestAndDebtExpense": "None", "netIncomeFromContinuingOperations": "-3364000", "comprehensiveIncomeNetOfTax": "None", "ebit": "6471000", "ebitda": "22338000", "netIncome": "-3364000"}, {"fiscalDateEnding": "2025-09-30", "reportedCurrency": "USD", "grossProfit": "62589000", "totalRevenue": "111679000", "costOfRevenue": "49090000", "costofGoodsAndServicesSold": "49090000", "operatingIncome": "4244000", "sellingGeneralAndAdministrative": "54151000", "researchAndDevelopment": "4194000", "operatingExpenses": "58345000", "investmentIncomeNet": "None", "netInterestIncome": "-6715000", "interestIncome": "262000", "interestExpense": "6977000", "nonInterestIncome": "None", "otherNonOperatingIncome": "None", "depreciation": "None", "depreciationAndAmortization": "15793000", "incomeBeforeTax": "-3017000", "incomeTaxExpense": "1271000", "interestAndDebtExpense": "None", "netIncomeFromContinuingOperations": "-4288000", "comprehensiveIncomeNetOfTax": "None", "ebit": "3960000", "ebitda": "19753000", "netIncome": "-4288000"}, {"fiscalDateEnding": "2025-06-30", "reportedCurrency": "USD", "grossProfit": "56481000", "totalRevenue": "104121000", "costOfRevenue": "47640000", "costofGoodsAndServicesSold": "47640000", "operatingIncome": "-2039000", "sellingGeneralAndAdministrative": "53663000", "researchAndDevelopment": "4621000", "operatingExpenses": "58520000", "investmentIncomeNet": "None", "netInterestIncome": "-6590000", "interestIncome": "196000", "interestExpense": "5655000", "nonInterestIncome": "None", "otherNonOperatingIncome": "None", "depreciation": "None", "depreciationAndAmortization": "16031000", "incomeBeforeTax": "-9872000", "incomeTaxExpense": "362000", "interestAndDebtExpense": "None", "netIncomeFromContinuingOperations": "-10234000", "comprehensiveIncomeNetOfTax": "None", "ebit": "-3086000", "ebitda": "12945000", "netIncome": "-10234000"}, {"fiscalDateEnding": "2025-03-31", "reportedCurrency": "USD", "grossProfit": "58783000", "totalRevenue": "106429000", "costOfRevenue": "47646000", "costofGoodsAndServicesSold": "47646000", "operatingIncome": "-1243000", "sellingGeneralAndAdministrative": "56839000", "researchAndDevelopment": "4621000", "operatingExpenses": "60026000", "investmentIncomeNet": "None", "netInterestIncome": "-5560000", "interestIncome": "95000", "interestExpense": "7942000", "nonInterestIncome": "None", "otherNonOperatingIncome": "None", "depreciation": "None", "depreciationAndAmortization": "13643000", "incomeBeforeTax": "-10837000", "incomeTaxExpense": "3513000", "interestAndDebtExpense": "None", "netIncomeFromContinuingOperations": "-12438000", "comprehensiveIncomeNetOfTax": "None", "ebit": "5419000", "ebitda": "19062000", "netIncome": "-14349000"}, {"fiscalDateEnding": "2024-12-31", "reportedCurrency": "USD", "grossProfit": "41343000", "totalRevenue": "77018000", "costOfRevenue": "35675000", "costofGoodsAndServicesSold": "35675000", "operatingIncome": "573000", "sellingGeneralAndAdministrative": "55405000", "researchAndDevelopment": "3435000", "operatingExpenses": "40770000", "investmentIncomeNet": "None", "netInterestIncome": "-7583000", "interestIncome": "359000", "interestExpense": "4042000", "nonInterestIncome": "None", "otherNonOperatingIncome": "None", "depreciation": "None", "depreciationAndAmortization": "9064000", "incomeBeforeTax": "-1627000", "incomeTaxExpense": "256000", "interestAndDebtExpense": "None", "netIncomeFromContinuingOperations": "-14350000", "comprehensiveIncomeNetOfTax": "None", "ebit": "1794000", "ebitda": "10858000", "netIncome": "-1888000"}, {"fiscalDateEnding": "2024-09-30", "reportedCurrency": "USD", "grossProfit": "39648000", "totalRevenue": "75430000", "costOfRevenue": "35782000", "costofGoodsAndServicesSold": "35782000", "operatingIncome": "-18235000", "sellingGeneralAndAdministrative": "37335000", "researchAndDevelopment": "3101000", "operatingExpenses": "57883000", "investmentIncomeNet": "None", "netInterestIncome": "-3874000", "interestIncome": "168000", "interestExpense": "2691000", "nonInterestIncome": "None", "otherNonOperatingIncome": "None", "depreciation": "None", "depreciationAndAmortization": "10335000", "incomeBeforeTax": "-21246000", "incomeTaxExpense": "1053000", "interestAndDebtExpense": "None", "netIncomeFromContinuingOperations": "-1883000", "comprehensiveIncomeNetOfTax": "None", "ebit": "-18555000", "ebitda": "-8220000", "netIncome": "-22312000"}, {"fiscalDateEnding": "2024-06-30", "reportedCurrency": "USD", "grossProfit": "39648000", "totalRevenue": "75430000", "costOfRevenue": "35782000", "costofGoodsAndServicesSold": "35782000", "operatingIncome": "-18235000", "sellingGeneralAndAdministrative": "54782000", "researchAndDevelopment": "3101000", "operatingExpenses": "57883000", "investmentIncomeNet": "None", "netInterestIncome": "-2387000", "interestIncome": "304000", "interestExpense": "2691000", "nonInterestIncome": "None", "otherNonOperatingIncome": "None", "depreciation": "None", "depreciationAndAmortization": "10335000", "incomeBeforeTax": "-21246000", "incomeTaxExpense": "1053000", "interestAndDebtExpense": "None", "netIncomeFromContinuingOperations": "-22299000", "comprehensiveIncomeNetOfTax": "None", "ebit": "-2543000", "ebitda": "7792000", "netIncome": "-22312000"}, {"fiscalDateEnding": "2024-03-31", "reportedCurrency": "USD", "grossProfit": "14287000", "totalRevenue": "34166000", "costOfRevenue": "19879000", "costofGoodsAndServicesSold": "19879000", "operatingIncome": "-18655000", "sellingGeneralAndAdministrative": "21832000", "researchAndDevelopment": "1498000", "operatingExpenses": "32942000", "investmentIncomeNet": "None", "netInterestIncome": "-450000", "interestIncome": "259000", "interestExpense": "709000", "nonInterestIncome": "None", "otherNonOperatingIncome": "None", "depreciation": "None", "depreciationAndAmortization": "1627000", "incomeBeforeTax": "-22700000", "incomeTaxExpense": "1199000", "interestAndDebtExpense": "None", "netIncomeFromContinuingOperations": "-8504000", "comprehensiveIncomeNetOfTax": "None", "ebit": "-22700000", "ebitda": "-21073000", "netIncome": "-23905000"}, {"fiscalDateEnding": "2023-12-31", "reportedCurrency": "USD", "grossProfit": "17377000", "totalRevenue": "34549000", "costOfRevenue": "17172000", "costofGoodsAndServicesSold": "17172000", "operatingIncome": "-3873000", "sellingGeneralAndAdministrative": "19490000", "researchAndDevelopment": "2011000", "operatingExpenses": "21250000", "investmentIncomeNet": "None", "netInterestIncome": "-1104000", "interestIncome": "34000", "interestExpense": "1138000", "nonInterestIncome": "None", "otherNonOperatingIncome": "None", "depreciation": "None", "depreciationAndAmortization": "3262000", "incomeBeforeTax": "-3564000", "incomeTaxExpense": "-92000", "interestAndDebtExpense": "None", "netIncomeFromContinuingOperations": "-3761000", "comprehensiveIncomeNetOfTax": "None", "ebit": "-2426000", "ebitda": "836000", "netIncome": "-3504000"}, {"fiscalDateEnding": "2023-09-30", "reportedCurrency": "USD", "grossProfit": "41343000", "totalRevenue": "77018000", "costOfRevenue": "35675000", "costofGoodsAndServicesSold": "35675000", "operatingIncome": "573000", "sellingGeneralAndAdministrative": "17988000", "researchAndDevelopment": "3435000", "operatingExpenses": "40770000", "investmentIncomeNet": "None", "netInterestIncome": "-131000", "interestIncome": "23000", "interestExpense": "154000", "nonInterestIncome": "None", "otherNonOperatingIncome": "None", "depreciation": "None", "depreciationAndAmortization": "9064000", "incomeBeforeTax": "-1627000", "incomeTaxExpense": "256000", "interestAndDebtExpense": "None", "netIncomeFromContinuingOperations": "-3674000", "comprehensiveIncomeNetOfTax": "None", "ebit": "1794000", "ebitda": "10858000", "netIncome": "-1888000"}, {"fiscalDateEnding": "2023-06-30", "reportedCurrency": "USD", "grossProfit": "39648000", "totalRevenue": "75430000", "costOfRevenue": "35782000", "costofGoodsAndServicesSold": "35782000", "operatingIncome": "-18235000", "sellingGeneralAndAdministrative": "16987000", "researchAndDevelopment": "3101000", "operatingExpenses": "57883000", "investmentIncomeNet": "None", "netInterestIncome": "-151000", "interestIncome": "22000", "interestExpense": "173000", "nonInterestIncome": "None", "otherNonOperatingIncome": "None", "depreciation": "None", "depreciationAndAmortization": "10335000", "incomeBeforeTax": "-21246000", "incomeTaxExpense": "1053000", "interestAndDebtExpense": "None", "netIncomeFromContinuingOperations": "-2971000", "comprehensiveIncomeNetOfTax": "None", "ebit": "-2543000", "ebitda": "7792000", "netIncome": "-22312000"}, {"fiscalDateEnding": "2023-03-31", "reportedCurrency": "USD", "grossProfit": "16618000", "totalRevenue": "32839000", "costOfRevenue": "16221000", "costofGoodsAndServicesSold": "16221000", "operatingIncome": "-2068000", "sellingGeneralAndAdministrative": "16787000", "researchAndDevelopment": "1723000", "operatingExpenses": "18686000", "investmentIncomeNet": "None", "netInterestIncome": "-113000", "interestIncome": "24000", "interestExpense": "541000", "nonInterestIncome": "None", "otherNonOperatingIncome": "None", "depreciation": "None", "depreciationAndAmortization": "2891000", "incomeBeforeTax": "5163000", "incomeTaxExpense": "397000", "interestAndDebtExpense": "None", "netIncomeFromContinuingOperations": "4766000", "comprehensiveIncomeNetOfTax": "None", "ebit": "5703000", "ebitda": "8594000", "netIncome": "4769000"}, {"fiscalDateEnding": "2022-12-31", "reportedCurrency": "USD", "grossProfit": "17183000", "totalRevenue": "33869000", "costOfRevenue": "16686000", "costofGoodsAndServicesSold": "16686000", "operatingIncome": "-423000", "sellingGeneralAndAdministrative": "15608000", "researchAndDevelopment": "1507000", "operatingExpenses": "17606000", "investmentIncomeNet": "None", "netInterestIncome": "-245000", "interestIncome": "245000", "interestExpense": "154000", "nonInterestIncome": "None", "otherNonOperatingIncome": "None", "depreciation": "None", "depreciationAndAmortization": "2076000", "incomeBeforeTax": "-645000", "incomeTaxExpense": "763000", "interestAndDebtExpense": "None", "netIncomeFromContinuingOperations": "-1657000", "comprehensiveIncomeNetOfTax": "None", "ebit": "-423000", "ebitda": "1653000", "netIncome": "-1407000"}, {"fiscalDateEnding": "2022-09-30", "reportedCurrency": "None", "grossProfit": "17181000", "totalRevenue": "34288000", "costOfRevenue": "17107000", "costofGoodsAndServicesSold": "17107000", "operatingIncome": "-2140000", "sellingGeneralAndAdministrative": "None", "researchAndDevelopment": "1735000", "operatingExpenses": "19321000", "investmentIncomeNet": "None", "netInterestIncome": "None", "interestIncome": "None", "interestExpense": "522000", "nonInterestIncome": "None", "otherNonOperatingIncome": "None", "depreciation": "None", "depreciationAndAmortization": "2708000", "incomeBeforeTax": "-1529000", "incomeTaxExpense": "770000", "interestAndDebtExpense": "None", "netIncomeFromContinuingOperations": "None", "comprehensiveIncomeNetOfTax": "None", "ebit": "-1007000", "ebitda": "1701000", "netIncome": "-2300000"}, {"fiscalDateEnding": "2022-06-30", "reportedCurrency": "None", "grossProfit": "16230000", "totalRevenue": "34594000", "costOfRevenue": "18364000", "costofGoodsAndServicesSold": "18364000", "operatingIncome": "-2307000", "sellingGeneralAndAdministrative": "None", "researchAndDevelopment": "2001000", "operatingExpenses": "18537000", "investmentIncomeNet": "None", "netInterestIncome": "None", "interestIncome": "None", "interestExpense": "575000", "nonInterestIncome": "None", "otherNonOperatingIncome": "None", "depreciation": "None", "depreciationAndAmortization": "2768000", "incomeBeforeTax": "-77000", "incomeTaxExpense": "40000", "interestAndDebtExpense": "None", "netIncomeFromContinuingOperations": "None", "comprehensiveIncomeNetOfTax": "None", "ebit": "-77000", "ebitda": "2691000", "netIncome": "-118000"}, {"fiscalDateEnding": "2022-03-31", "reportedCurrency": "None", "grossProfit": "14399000", "totalRevenue": "33161000", "costOfRevenue": "18762000", "costofGoodsAndServicesSold": "18762000", "operatingIncome": "-3742000", "sellingGeneralAndAdministrative": "None", "researchAndDevelopment": "3229000", "operatingExpenses": "18141000", "investmentIncomeNet": "None", "netInterestIncome": "None", "interestIncome": "None", "interestExpense": "113000", "nonInterestIncome": "None", "otherNonOperatingIncome": "None", "depreciation": "None", "depreciationAndAmortization": "1980000", "incomeBeforeTax": "-3630000", "incomeTaxExpense": "-703000", "interestAndDebtExpense": "None", "netIncomeFromContinuingOperations": "None", "comprehensiveIncomeNetOfTax": "None", "ebit": "-3742000", "ebitda": "-1762000", "netIncome": "-2928000"}, {"fiscalDateEnding": "2021-12-31", "reportedCurrency": "None", "grossProfit": "15403000", "totalRevenue": "34423000", "costOfRevenue": "19020000", "costofGoodsAndServicesSold": "19020000", "operatingIncome": "-3508000", "sellingGeneralAndAdministrative": "None", "researchAndDevelopment": "2799000", "operatingExpenses": "18911000", "investmentIncomeNet": "None", "netInterestIncome": "None", "interestIncome": "None", "interestExpense": "357000", "nonInterestIncome": "None", "otherNonOperatingIncome": "None", "depreciation": "None", "depreciationAndAmortization": "2066000", "incomeBeforeTax": "-4813000", "incomeTaxExpense": "1906000", "interestAndDebtExpense": "None", "netIncomeFromContinuingOperations": "None", "comprehensiveIncomeNetOfTax": "None", "ebit": "-3508000", "ebitda": "-1442000", "netIncome": "-6719000"}, {"fiscalDateEnding": "2021-09-30", "reportedCurrency": "None", "grossProfit": "14265000", "totalRevenue": "29246000", "costOfRevenue": "14981000", "costofGoodsAndServicesSold": "14981000", "operatingIncome": "-2084000", "sellingGeneralAndAdministrative": "None", "researchAndDevelopment": "2735000", "operatingExpenses": "16349000", "investmentIncomeNet": "None", "netInterestIncome": "None", "interestIncome": "None", "interestExpense": "516000", "nonInterestIncome": "None", "otherNonOperatingIncome": "None", "depreciation": "None", "depreciationAndAmortization": "2483000", "incomeBeforeTax": "-3188000", "incomeTaxExpense": "161000", "interestAndDebtExpense": "None", "netIncomeFromContinuingOperations": "None", "comprehensiveIncomeNetOfTax": "None", "ebit": "-2672000", "ebitda": "-189000", "netIncome": "-3345000"}, {"fiscalDateEnding": "2021-06-30", "reportedCurrency": "None", "grossProfit": "16045000", "totalRevenue": "33548000", "costOfRevenue": "17503000", "costofGoodsAndServicesSold": "17503000", "operatingIncome": "-211000", "sellingGeneralAndAdministrative": "None", "researchAndDevelopment": "2779000", "operatingExpenses": "16256000", "investmentIncomeNet": "None", "netInterestIncome": "None", "interestIncome": "None", "interestExpense": "611000", "nonInterestIncome": "None", "otherNonOperatingIncome": "None", "depreciation": "None", "depreciationAndAmortization": "2821000", "incomeBeforeTax": "-1371000", "incomeTaxExpense": "67000", "interestAndDebtExpense": "None", "netIncomeFromContinuingOperations": "None", "comprehensiveIncomeNetOfTax": "None", "ebit": "470000", "ebitda": "3291000", "netIncome": "-1437000"}, {"fiscalDateEnding": "2021-03-31", "reportedCurrency": "None", "grossProfit": "14470000", "totalRevenue": "28991000", "costOfRevenue": "14521000", "costofGoodsAndServicesSold": "14521000", "operatingIncome": "-1883000", "sellingGeneralAndAdministrative": "None", "researchAndDevelopment": "2745000", "operatingExpenses": "16353000", "investmentIncomeNet": "None", "netInterestIncome": "None", "interestIncome": "None", "interestExpense": "470000", "nonInterestIncome": "None", "otherNonOperatingIncome": "None", "depreciation": "None", "depreciationAndAmortization": "2037000", "incomeBeforeTax": "-1314000", "incomeTaxExpense": "473000", "interestAndDebtExpense": "None", "netIncomeFromContinuingOperations": "None", "comprehensiveIncomeNetOfTax": "None", "ebit": "-1883000", "ebitda": "154000", "netIncome": "-1787000"}, {"fiscalDateEnding": "2020-12-31", "reportedCurrency": "None", "grossProfit": "14785000", "totalRevenue": "29427000", "costOfRevenue": "14642000", "costofGoodsAndServicesSold": "14642000", "operatingIncome": "-96000", "sellingGeneralAndAdministrative": "27269000", "researchAndDevelopment": "2308000", "operatingExpenses": "14881000", "investmentIncomeNet": "None", "netInterestIncome": "None", "interestIncome": "None", "interestExpense": "304000", "nonInterestIncome": "None", "otherNonOperatingIncome": "None", "depreciation": "None", "depreciationAndAmortization": "2140000", "incomeBeforeTax": "-2214001", "incomeTaxExpense": "143999", "interestAndDebtExpense": "None", "netIncomeFromContinuingOperations": "None", "comprehensiveIncomeNetOfTax": "None", "ebit": "-496000", "ebitda": "1644000", "netIncome": "-2365000"}, {"fiscalDateEnding": "2020-09-30", "reportedCurrency": "None", "grossProfit": "15323000", "totalRevenue": "27602000", "costOfRevenue": "12279000", "costofGoodsAndServicesSold": "12279000", "operatingIncome": "752000", "sellingGeneralAndAdministrative": "None", "researchAndDevelopment": "2535000", "operatingExpenses": "14571000", "investmentIncomeNet": "None", "netInterestIncome": "None", "interestIncome": "None", "interestExpense": "817000", "nonInterestIncome": "None", "otherNonOperatingIncome": "None", "depreciation": "None", "depreciationAndAmortization": "1981000", "incomeBeforeTax": "-55000", "incomeTaxExpense": "529000", "interestAndDebtExpense": "None", "netIncomeFromContinuingOperations": "None", "comprehensiveIncomeNetOfTax": "None", "ebit": "1152000", "ebitda": "3133000", "netIncome": "-590000"}, {"fiscalDateEnding": "2020-06-30", "reportedCurrency": "None", "grossProfit": "14043000", "totalRevenue": "25765000", "costOfRevenue": "11722000", "costofGoodsAndServicesSold": "11722000", "operatingIncome": "-705000", "sellingGeneralAndAdministrative": "12166000", "researchAndDevelopment": "2582000", "operatingExpenses": "14748000", "investmentIncomeNet": "None", "netInterestIncome": "None", "interestIncome": "None", "interestExpense": "1484000", "nonInterestIncome": "None", "otherNonOperatingIncome": "None", "depreciation": "None", "depreciationAndAmortization": "1828000", "incomeBeforeTax": "-2167000", "incomeTaxExpense": "460000", "interestAndDebtExpense": "None", "netIncomeFromContinuingOperations": "None", "comprehensiveIncomeNetOfTax": "None", "ebit": "-683000", "ebitda": "1145000", "netIncome": "-2626000"}, {"fiscalDateEnding": "2020-03-31", "reportedCurrency": "None", "grossProfit": "14866000", "totalRevenue": "30799000", "costOfRevenue": "15933000", "costofGoodsAndServicesSold": "15933000", "operatingIncome": "-3409000", "sellingGeneralAndAdministrative": "15103000", "researchAndDevelopment": "3172000", "operatingExpenses": "18275000", "investmentIncomeNet": "None", "netInterestIncome": "None", "interestIncome": "None", "interestExpense": "892000", "nonInterestIncome": "None", "otherNonOperatingIncome": "None", "depreciation": "None", "depreciationAndAmortization": "1936000", "incomeBeforeTax": "-3248000", "incomeTaxExpense": "193000", "interestAndDebtExpense": "None", "netIncomeFromContinuingOperations": "None", "comprehensiveIncomeNetOfTax": "None", "ebit": "-3409000", "ebitda": "-1473000", "netIncome": "-3426000"}, {"fiscalDateEnding": "2019-09-30", "reportedCurrency": "None", "grossProfit": "7630000", "totalRevenue": "16884000", "costOfRevenue": "9254000", "costofGoodsAndServicesSold": "9254000", "operatingIncome": "-2126000", "sellingGeneralAndAdministrative": "6321000", "researchAndDevelopment": "1824000", "operatingExpenses": "8145000", "investmentIncomeNet": "None", "netInterestIncome": "None", "interestIncome": "None", "interestExpense": "10000", "nonInterestIncome": "None", "otherNonOperatingIncome": "None", "depreciation": "None", "depreciationAndAmortization": "447000", "incomeBeforeTax": "-2099000", "incomeTaxExpense": "10000", "interestAndDebtExpense": "None", "netIncomeFromContinuingOperations": "None", "comprehensiveIncomeNetOfTax": "None", "ebit": "-478000", "ebitda": "-31000", "netIncome": "-2099000"}, {"fiscalDateEnding": "2019-06-30", "reportedCurrency": "None", "grossProfit": "7071000", "totalRevenue": "16274000", "costOfRevenue": "9203000", "costofGoodsAndServicesSold": "9203000", "operatingIncome": "-2559000", "sellingGeneralAndAdministrative": "5993000", "researchAndDevelopment": "2024000", "operatingExpenses": "8017000", "investmentIncomeNet": "None", "netInterestIncome": "None", "interestIncome": "None", "interestExpense": "26000", "nonInterestIncome": "None", "otherNonOperatingIncome": "None", "depreciation": "None", "depreciationAndAmortization": "470000", "incomeBeforeTax": "-2585000", "incomeTaxExpense": "18000", "interestAndDebtExpense": "None", "netIncomeFromContinuingOperations": "None", "comprehensiveIncomeNetOfTax": "None", "ebit": "-946000", "ebitda": "-476000", "netIncome": "-2585000"}, {"fiscalDateEnding": "2019-03-31", "reportedCurrency": "None", "grossProfit": "7018000", "totalRevenue": "13611000", "costOfRevenue": "6593000", "costofGoodsAndServicesSold": "6593000", "operatingIncome": "-2201000", "sellingGeneralAndAdministrative": "None", "researchAndDevelopment": "1660000", "operatingExpenses": "7770000", "investmentIncomeNet": "None", "netInterestIncome": "None", "interestIncome": "None", "interestExpense": "20000", "nonInterestIncome": "None", "otherNonOperatingIncome": "None", "depreciation": "None", "depreciationAndAmortization": "382000", "incomeBeforeTax": "-2194000", "incomeTaxExpense": "-18000", "interestAndDebtExpense": "None", "netIncomeFromContinuingOperations": "None", "comprehensiveIncomeNetOfTax": "None", "ebit": "-725000", "ebitda": "-343000", "netIncome": "-2194000"}, {"fiscalDateEnding": "2018-12-31", "reportedCurrency": "None", "grossProfit": "6124000", "totalRevenue": "11491000", "costOfRevenue": "5367000", "costofGoodsAndServicesSold": "5367000", "operatingIncome": "-2819000", "sellingGeneralAndAdministrative": "None", "researchAndDevelopment": "1882000", "operatingExpenses": "8943000", "investmentIncomeNet": "None", "netInterestIncome": "None", "interestIncome": "None", "interestExpense": "23000", "nonInterestIncome": "None", "otherNonOperatingIncome": "None", "depreciation": "None", "depreciationAndAmortization": "387000", "incomeBeforeTax": "-2809000", "incomeTaxExpense": "11000", "interestAndDebtExpense": "None", "netIncomeFromContinuingOperations": "None", "comprehensiveIncomeNetOfTax": "None", "ebit": "-2808000", "ebitda": "-2421000", "netIncome": "-2809000"}, {"fiscalDateEnding": "2018-09-30", "reportedCurrency": "None", "grossProfit": "6797000", "totalRevenue": "13385000", "costOfRevenue": "6588000", "costofGoodsAndServicesSold": "6588000", "operatingIncome": "-820000", "sellingGeneralAndAdministrative": "None", "researchAndDevelopment": "1696000", "operatingExpenses": "7617000", "investmentIncomeNet": "None", "netInterestIncome": "None", "interestIncome": "None", "interestExpense": "34000", "nonInterestIncome": "None", "otherNonOperatingIncome": "None", "depreciation": "None", "depreciationAndAmortization": "392000", "incomeBeforeTax": "-897000", "incomeTaxExpense": "-75000", "interestAndDebtExpense": "None", "netIncomeFromContinuingOperations": "None", "comprehensiveIncomeNetOfTax": "None", "ebit": "-863000", "ebitda": "-471000", "netIncome": "-897000"}, {"fiscalDateEnding": "2018-06-30", "reportedCurrency": "None", "grossProfit": "6415000", "totalRevenue": "14809000", "costOfRevenue": "8394000", "costofGoodsAndServicesSold": "8394000", "operatingIncome": "-1120000", "sellingGeneralAndAdministrative": "None", "researchAndDevelopment": "1542000", "operatingExpenses": "7535000", "investmentIncomeNet": "None", "netInterestIncome": "None", "interestIncome": "None", "interestExpense": "59000", "nonInterestIncome": "None", "otherNonOperatingIncome": "None", "depreciation": "None", "depreciationAndAmortization": "389000", "incomeBeforeTax": "-1116000", "incomeTaxExpense": "48000", "interestAndDebtExpense": "None", "netIncomeFromContinuingOperations": "None", "comprehensiveIncomeNetOfTax": "None", "ebit": "-1072000", "ebitda": "-683000", "netIncome": "-1116000"}, {"fiscalDateEnding": "2018-03-31", "reportedCurrency": "None", "grossProfit": "6462000", "totalRevenue": "13379000", "costOfRevenue": "6917000", "costofGoodsAndServicesSold": "6917000", "operatingIncome": "-977000", "sellingGeneralAndAdministrative": "None", "researchAndDevelopment": "1743000", "operatingExpenses": "7439000", "investmentIncomeNet": "None", "netInterestIncome": "None", "interestIncome": "None", "interestExpense": "57000", "nonInterestIncome": "None", "otherNonOperatingIncome": "None", "depreciation": "None", "depreciationAndAmortization": "393000", "incomeBeforeTax": "-990000", "incomeTaxExpense": "24000", "interestAndDebtExpense": "None", "netIncomeFromContinuingOperations": "None", "comprehensiveIncomeNetOfTax": "None", "ebit": "-933000", "ebitda": "-540000", "netIncome": "-990000"}, {"fiscalDateEnding": "2017-12-31", "reportedCurrency": "None", "grossProfit": "5609000", "totalRevenue": "11167000", "costOfRevenue": "5558000", "costofGoodsAndServicesSold": "5558000", "operatingIncome": "-1175000", "sellingGeneralAndAdministrative": "None", "researchAndDevelopment": "915000", "operatingExpenses": "6784000", "investmentIncomeNet": "None", "netInterestIncome": "None", "interestIncome": "None", "interestExpense": "94000", "nonInterestIncome": "None", "otherNonOperatingIncome": "None", "depreciation": "None", "depreciationAndAmortization": "390000", "incomeBeforeTax": "-1185000", "incomeTaxExpense": "-311000", "interestAndDebtExpense": "None", "netIncomeFromContinuingOperations": "None", "comprehensiveIncomeNetOfTax": "None", "ebit": "-1091000", "ebitda": "-701000", "netIncome": "-874000"}, {"fiscalDateEnding": "2017-09-30", "reportedCurrency": "None", "grossProfit": "5627000", "totalRevenue": "11086000", "costOfRevenue": "5459000", "costofGoodsAndServicesSold": "5459000", "operatingIncome": "-544000", "sellingGeneralAndAdministrative": "None", "researchAndDevelopment": "958000", "operatingExpenses": "6171000", "investmentIncomeNet": "None", "netInterestIncome": "None", "interestIncome": "None", "interestExpense": "100000", "nonInterestIncome": "None", "otherNonOperatingIncome": "None", "depreciation": "None", "depreciationAndAmortization": "349000", "incomeBeforeTax": "-586000", "incomeTaxExpense": "99000", "interestAndDebtExpense": "None", "netIncomeFromContinuingOperations": "None", "comprehensiveIncomeNetOfTax": "None", "ebit": "-486000", "ebitda": "-137000", "netIncome": "-586000"}, {"fiscalDateEnding": "2017-06-30", "reportedCurrency": "None", "grossProfit": "5541000", "totalRevenue": "10706000", "costOfRevenue": "5165000", "costofGoodsAndServicesSold": "5165000", "operatingIncome": "-502000", "sellingGeneralAndAdministrative": "None", "researchAndDevelopment": "854000", "operatingExpenses": "6043000", "investmentIncomeNet": "None", "netInterestIncome": "None", "interestIncome": "None", "interestExpense": "75000", "nonInterestIncome": "None", "otherNonOperatingIncome": "None", "depreciation": "None", "depreciationAndAmortization": "234000", "incomeBeforeTax": "-524000", "incomeTaxExpense": "74000", "interestAndDebtExpense": "None", "netIncomeFromContinuingOperations": "None", "comprehensiveIncomeNetOfTax": "None", "ebit": "-449000", "ebitda": "-215000", "netIncome": "-524000"}, {"fiscalDateEnding": "2017-03-31", "reportedCurrency": "None", "grossProfit": "4150000", "totalRevenue": "7999000", "costOfRevenue": "3849000", "costofGoodsAndServicesSold": "3849000", "operatingIncome": "-1870000", "sellingGeneralAndAdministrative": "None", "researchAndDevelopment": "1238000", "operatingExpenses": "6020000", "investmentIncomeNet": "None", "netInterestIncome": "None", "interestIncome": "None", "interestExpense": "73000", "nonInterestIncome": "None", "otherNonOperatingIncome": "None", "depreciation": "None", "depreciationAndAmortization": "159000", "incomeBeforeTax": "-1886000", "incomeTaxExpense": "74000", "interestAndDebtExpense": "None", "netIncomeFromContinuingOperations": "None", "comprehensiveIncomeNetOfTax": "None", "ebit": "-1813000", "ebitda": "-1654000", "netIncome": "-1886000"}, {"fiscalDateEnding": "2016-12-31", "reportedCurrency": "None", "grossProfit": "4369000", "totalRevenue": "9226000", "costOfRevenue": "4857000", "costofGoodsAndServicesSold": "4857000", "operatingIncome": "-2084000", "sellingGeneralAndAdministrative": "None", "researchAndDevelopment": "1116000", "operatingExpenses": "6453000", "investmentIncomeNet": "None", "netInterestIncome": "None", "interestIncome": "None", "interestExpense": "71000", "nonInterestIncome": "None", "otherNonOperatingIncome": "None", "depreciation": "None", "depreciationAndAmortization": "163000", "incomeBeforeTax": "-2083000", "incomeTaxExpense": "76000", "interestAndDebtExpense": "None", "netIncomeFromContinuingOperations": "None", "comprehensiveIncomeNetOfTax": "None", "ebit": "-2012000", "ebitda": "-1849000", "netIncome": "-2083000"}, {"fiscalDateEnding": "2016-09-30", "reportedCurrency": "None", "grossProfit": "4002000", "totalRevenue": "8215000", "costOfRevenue": "4213000", "costofGoodsAndServicesSold": "4213000", "operatingIncome": "-2080000", "sellingGeneralAndAdministrative": "None", "researchAndDevelopment": "1098000", "operatingExpenses": "6082000", "investmentIncomeNet": "None", "netInterestIncome": "None", "interestIncome": "None", "interestExpense": "78000", "nonInterestIncome": "None", "otherNonOperatingIncome": "None", "depreciation": "None", "depreciationAndAmortization": "168000", "incomeBeforeTax": "-2092000", "incomeTaxExpense": "79000", "interestAndDebtExpense": "None", "netIncomeFromContinuingOperations": "None", "comprehensiveIncomeNetOfTax": "None", "ebit": "-2014000", "ebitda": "-1846000", "netIncome": "-2092000"}, {"fiscalDateEnding": "2016-06-30", "reportedCurrency": "None", "grossProfit": "4725000", "totalRevenue": "8904000", "costOfRevenue": "4179000", "costofGoodsAndServicesSold": "4179000", "operatingIncome": "-1486000", "sellingGeneralAndAdministrative": "None", "researchAndDevelopment": "1192000", "operatingExpenses": "6211000", "investmentIncomeNet": "None", "netInterestIncome": "None", "interestIncome": "None", "interestExpense": "87000", "nonInterestIncome": "None", "otherNonOperatingIncome": "None", "depreciation": "None", "depreciationAndAmortization": "177000", "incomeBeforeTax": "-1497000", "incomeTaxExpense": "76000", "interestAndDebtExpense": "None", "netIncomeFromContinuingOperations": "None", "comprehensiveIncomeNetOfTax": "None", "ebit": "-1410000", "ebitda": "-1233000", "netIncome": "-1497000"}, {"fiscalDateEnding": "2016-03-31", "reportedCurrency": "None", "grossProfit": "5198000", "totalRevenue": "10477000", "costOfRevenue": "5279000", "costofGoodsAndServicesSold": "5279000", "operatingIncome": "-718000", "sellingGeneralAndAdministrative": "None", "researchAndDevelopment": "1130000", "operatingExpenses": "5916000", "investmentIncomeNet": "None", "netInterestIncome": "None", "interestIncome": "None", "interestExpense": "57000", "nonInterestIncome": "None", "otherNonOperatingIncome": "None", "depreciation": "None", "depreciationAndAmortization": "177000", "incomeBeforeTax": "-698000", "incomeTaxExpense": "77000", "interestAndDebtExpense": "None", "netIncomeFromContinuingOperations": "None", "comprehensiveIncomeNetOfTax": "None", "ebit": "-641000", "ebitda": "-464000", "netIncome": "-698000"}, {"fiscalDateEnding": "2015-12-31", "reportedCurrency": "None", "grossProfit": "4593000", "totalRevenue": "10157000", "costOfRevenue": "5564000", "costofGoodsAndServicesSold": "5564000", "operatingIncome": "-1049000", "sellingGeneralAndAdministrative": "None", "researchAndDevelopment": "1093000", "operatingExpenses": "5642000", "investmentIncomeNet": "None", "netInterestIncome": "None", "interestIncome": "None", "interestExpense": "None", "nonInterestIncome": "None", "otherNonOperatingIncome": "None", "depreciation": "None", "depreciationAndAmortization": "161000", "incomeBeforeTax": "-970000", "incomeTaxExpense": "-78000", "interestAndDebtExpense": "None", "netIncomeFromContinuingOperations": "None", "comprehensiveIncomeNetOfTax": "None", "ebit": "-1049000", "ebitda": "-888000", "netIncome": "-970000"}, {"fiscalDateEnding": "2015-09-30", "reportedCurrency": "None", "grossProfit": "4356000", "totalRevenue": "10581000", "costOfRevenue": "6225000", "costofGoodsAndServicesSold": "6225000", "operatingIncome": "-1965000", "sellingGeneralAndAdministrative": "None", "researchAndDevelopment": "1114000", "operatingExpenses": "6321000", "investmentIncomeNet": "None", "netInterestIncome": "None", "interestIncome": "None", "interestExpense": "None", "nonInterestIncome": "None", "otherNonOperatingIncome": "None", "depreciation": "None", "depreciationAndAmortization": "163000", "incomeBeforeTax": "-1895000", "incomeTaxExpense": "-85000", "interestAndDebtExpense": "None", "netIncomeFromContinuingOperations": "None", "comprehensiveIncomeNetOfTax": "None", "ebit": "-1965000", "ebitda": "-1802000", "netIncome": "-1895000"}, {"fiscalDateEnding": "2015-06-30", "reportedCurrency": "None", "grossProfit": "4126000", "totalRevenue": "9926000", "costOfRevenue": "5800000", "costofGoodsAndServicesSold": "5800000", "operatingIncome": "-3219000", "sellingGeneralAndAdministrative": "None", "researchAndDevelopment": "1120000", "operatingExpenses": "7345000", "investmentIncomeNet": "None", "netInterestIncome": "None", "interestIncome": "None", "interestExpense": "None", "nonInterestIncome": "None", "otherNonOperatingIncome": "None", "depreciation": "None", "depreciationAndAmortization": "176000", "incomeBeforeTax": "-3142000", "incomeTaxExpense": "-92000", "interestAndDebtExpense": "None", "netIncomeFromContinuingOperations": "None", "comprehensiveIncomeNetOfTax": "None", "ebit": "-3219000", "ebitda": "-3043000", "netIncome": "-3142000"}, {"fiscalDateEnding": "2015-03-31", "reportedCurrency": "None", "grossProfit": "3948000", "totalRevenue": "11120000", "costOfRevenue": "7172000", "costofGoodsAndServicesSold": "7172000", "operatingIncome": "-4050000", "sellingGeneralAndAdministrative": "None", "researchAndDevelopment": "1229000", "operatingExpenses": "7998000", "investmentIncomeNet": "None", "netInterestIncome": "None", "interestIncome": "None", "interestExpense": "None", "nonInterestIncome": "None", "otherNonOperatingIncome": "None", "depreciation": "None", "depreciationAndAmortization": "218000", "incomeBeforeTax": "-3945000", "incomeTaxExpense": "-87000", "interestAndDebtExpense": "None", "netIncomeFromContinuingOperations": "None", "comprehensiveIncomeNetOfTax": "None", "ebit": "-4050000", "ebitda": "-3832000", "netIncome": "-3945000"}, {"fiscalDateEnding": "2014-12-31", "reportedCurrency": "None", "grossProfit": "4427000", "totalRevenue": "12745000", "costOfRevenue": "8318000", "costofGoodsAndServicesSold": "8318000", "operatingIncome": "-4734000", "sellingGeneralAndAdministrative": "None", "researchAndDevelopment": "2386000", "operatingExpenses": "9161000", "investmentIncomeNet": "None", "netInterestIncome": "None", "interestIncome": "None", "interestExpense": "None", "nonInterestIncome": "None", "otherNonOperatingIncome": "None", "depreciation": "None", "depreciationAndAmortization": "550000", "incomeBeforeTax": "-4595000", "incomeTaxExpense": "-121000", "interestAndDebtExpense": "None", "netIncomeFromContinuingOperations": "None", "comprehensiveIncomeNetOfTax": "None", "ebit": "-4734000", "ebitda": "-4184000", "netIncome": "-4595000"}, {"fiscalDateEnding": "2014-09-30", "reportedCurrency": "None", "grossProfit": "5471000", "totalRevenue": "11739000", "costOfRevenue": "6268000", "costofGoodsAndServicesSold": "6268000", "operatingIncome": "-2588000", "sellingGeneralAndAdministrative": "None", "researchAndDevelopment": "1770000", "operatingExpenses": "8059000", "investmentIncomeNet": "None", "netInterestIncome": "None", "interestIncome": "None", "interestExpense": "None", "nonInterestIncome": "None", "otherNonOperatingIncome": "None", "depreciation": "None", "depreciationAndAmortization": "552000", "incomeBeforeTax": "-2444000", "incomeTaxExpense": "-140000", "interestAndDebtExpense": "None", "netIncomeFromContinuingOperations": "None", "comprehensiveIncomeNetOfTax": "None", "ebit": "-2588000", "ebitda": "-2036000", "netIncome": "-2444000"}, {"fiscalDateEnding": "2014-06-30", "reportedCurrency": "None", "grossProfit": "5124000", "totalRevenue": "11413000", "costOfRevenue": "6289000", "costofGoodsAndServicesSold": "6289000", "operatingIncome": "-1870000", "sellingGeneralAndAdministrative": "None", "researchAndDevelopment": "1343000", "operatingExpenses": "6994000", "investmentIncomeNet": "None", "netInterestIncome": "None", "interestIncome": "None", "interestExpense": "None", "nonInterestIncome": "None", "otherNonOperatingIncome": "None", "depreciation": "None", "depreciationAndAmortization": "563000", "incomeBeforeTax": "-1705000", "incomeTaxExpense": "-153000", "interestAndDebtExpense": "None", "netIncomeFromContinuingOperations": "None", "comprehensiveIncomeNetOfTax": "None", "ebit": "-1870000", "ebitda": "-1307000", "netIncome": "-1705000"}, {"fiscalDateEnding": "2014-03-31", "reportedCurrency": "None", "grossProfit": "4984000", "totalRevenue": "9736000", "costOfRevenue": "4752000", "costofGoodsAndServicesSold": "4752000", "operatingIncome": "-2986000", "sellingGeneralAndAdministrative": "None", "researchAndDevelopment": "1150000", "operatingExpenses": "7970000", "investmentIncomeNet": "None", "netInterestIncome": "None", "interestIncome": "None", "interestExpense": "None", "nonInterestIncome": "None", "otherNonOperatingIncome": "None", "depreciation": "None", "depreciationAndAmortization": "551000", "incomeBeforeTax": "-2831000", "incomeTaxExpense": "-152000", "interestAndDebtExpense": "None", "netIncomeFromContinuingOperations": "None", "comprehensiveIncomeNetOfTax": "None", "ebit": "-2986000", "ebitda": "-2435000", "netIncome": "-2831000"}, {"fiscalDateEnding": "2013-12-31", "reportedCurrency": "None", "grossProfit": "3407000", "totalRevenue": "11357000", "costOfRevenue": "7950000", "costofGoodsAndServicesSold": "7950000", "operatingIncome": "-3314000", "sellingGeneralAndAdministrative": "None", "researchAndDevelopment": "1044000", "operatingExpenses": "6721000", "investmentIncomeNet": "None", "netInterestIncome": "None", "interestIncome": "None", "interestExpense": "None", "nonInterestIncome": "None", "otherNonOperatingIncome": "None", "depreciation": "None", "depreciationAndAmortization": "603000", "incomeBeforeTax": "-3157000", "incomeTaxExpense": "-63000", "interestAndDebtExpense": "None", "netIncomeFromContinuingOperations": "None", "comprehensiveIncomeNetOfTax": "None", "ebit": "-3314000", "ebitda": "-2711000", "netIncome": "-3094000"}, {"fiscalDateEnding": "2013-09-30", "reportedCurrency": "None", "grossProfit": "5817000", "totalRevenue": "11205000", "costOfRevenue": "5388000", "costofGoodsAndServicesSold": "5388000", "operatingIncome": "-246000", "sellingGeneralAndAdministrative": "None", "researchAndDevelopment": "1082000", "operatingExpenses": "6063000", "investmentIncomeNet": "None", "netInterestIncome": "None", "interestIncome": "None", "interestExpense": "None", "nonInterestIncome": "None", "otherNonOperatingIncome": "None", "depreciation": "None", "depreciationAndAmortization": "524000", "incomeBeforeTax": "-76000", "incomeTaxExpense": "-160000", "interestAndDebtExpense": "None", "netIncomeFromContinuingOperations": "None", "comprehensiveIncomeNetOfTax": "None", "ebit": "-246000", "ebitda": "278000", "netIncome": "-76000"}, {"fiscalDateEnding": "2013-06-30", "reportedCurrency": "None", "grossProfit": "4850000", "totalRevenue": "9370000", "costOfRevenue": "4520000", "costofGoodsAndServicesSold": "4520000", "operatingIncome": "-1868000", "sellingGeneralAndAdministrative": "None", "researchAndDevelopment": "1123000", "operatingExpenses": "6718000", "investmentIncomeNet": "None", "netInterestIncome": "None", "interestIncome": "None", "interestExpense": "None", "nonInterestIncome": "None", "otherNonOperatingIncome": "None", "depreciation": "None", "depreciationAndAmortization": "505000", "incomeBeforeTax": "-1707000", "incomeTaxExpense": "-159000", "interestAndDebtExpense": "None", "netIncomeFromContinuingOperations": "None", "comprehensiveIncomeNetOfTax": "None", "ebit": "-1868000", "ebitda": "-1363000", "netIncome": "-1707000"}, {"fiscalDateEnding": "2013-03-31", "reportedCurrency": "None", "grossProfit": "3836000", "totalRevenue": "8014000", "costOfRevenue": "4178000", "costofGoodsAndServicesSold": "4178000", "operatingIncome": "-2820000", "sellingGeneralAndAdministrative": "None", "researchAndDevelopment": "1140000", "operatingExpenses": "6656000", "investmentIncomeNet": "None", "netInterestIncome": "None", "interestIncome": "None", "interestExpense": "None", "nonInterestIncome": "None", "otherNonOperatingIncome": "None", "depreciation": "None", "depreciationAndAmortization": "539000", "incomeBeforeTax": "-2622000", "incomeTaxExpense": "-165000", "interestAndDebtExpense": "None", "netIncomeFromContinuingOperations": "None", "comprehensiveIncomeNetOfTax": "None", "ebit": "-2820000", "ebitda": "-2281000", "netIncome": "-2622000"}, {"fiscalDateEnding": "2012-12-31", "reportedCurrency": "None", "grossProfit": "4837000", "totalRevenue": "10663000", "costOfRevenue": "5826000", "costofGoodsAndServicesSold": "5826000", "operatingIncome": "-1889000", "sellingGeneralAndAdministrative": "None", "researchAndDevelopment": "1044000", "operatingExpenses": "6726000", "investmentIncomeNet": "None", "netInterestIncome": "None", "interestIncome": "None", "interestExpense": "None", "nonInterestIncome": "None", "otherNonOperatingIncome": "None", "depreciation": "None", "depreciationAndAmortization": "542000", "incomeBeforeTax": "-1708000", "incomeTaxExpense": "-662000", "interestAndDebtExpense": "None", "netIncomeFromContinuingOperations": "None", "comprehensiveIncomeNetOfTax": "None", "ebit": "-1889000", "ebitda": "-1347000", "netIncome": "-1046000"}, {"fiscalDateEnding": "2012-09-30", "reportedCurrency": "None", "grossProfit": "8597000", "totalRevenue": "15479000", "costOfRevenue": "6882000", "costofGoodsAndServicesSold": "6882000", "operatingIncome": "2032000", "sellingGeneralAndAdministrative": "None", "researchAndDevelopment": "1098000", "operatingExpenses": "6565000", "investmentIncomeNet": "None", "netInterestIncome": "None", "interestIncome": "None", "interestExpense": "None", "nonInterestIncome": "None", "otherNonOperatingIncome": "None", "depreciation": "None", "depreciationAndAmortization": "537000", "incomeBeforeTax": "2167000", "incomeTaxExpense": "-135000", "interestAndDebtExpense": "None", "netIncomeFromContinuingOperations": "None", "comprehensiveIncomeNetOfTax": "None", "ebit": "2013000", "ebitda": "2550000", "netIncome": "2167000"}, {"fiscalDateEnding": "2012-06-30", "reportedCurrency": "None", "grossProfit": "4550000", "totalRevenue": "8681000", "costOfRevenue": "4131000", "costofGoodsAndServicesSold": "4131000", "operatingIncome": "-2206000", "sellingGeneralAndAdministrative": "None", "researchAndDevelopment": "1085000", "operatingExpenses": "6756000", "investmentIncomeNet": "None", "netInterestIncome": "None", "interestIncome": "None", "interestExpense": "None", "nonInterestIncome": "None", "otherNonOperatingIncome": "None", "depreciation": "None", "depreciationAndAmortization": "553000", "incomeBeforeTax": "-2196000", "incomeTaxExpense": "-693000", "interestAndDebtExpense": "None", "netIncomeFromContinuingOperations": "None", "comprehensiveIncomeNetOfTax": "None", "ebit": "-2769000", "ebitda": "-2216000", "netIncome": "-2066000"}, {"fiscalDateEnding": "2012-03-31", "reportedCurrency": "None", "grossProfit": "4946000", "totalRevenue": "9812000", "costOfRevenue": "4866000", "costofGoodsAndServicesSold": "4866000", "operatingIncome": "-1757000", "sellingGeneralAndAdministrative": "None", "researchAndDevelopment": "1114000", "operatingExpenses": "6703000", "investmentIncomeNet": "None", "netInterestIncome": "None", "interestIncome": "None", "interestExpense": "None", "nonInterestIncome": "None", "otherNonOperatingIncome": "None", "depreciation": "None", "depreciationAndAmortization": "554000", "incomeBeforeTax": "-1736000", "incomeTaxExpense": "-110000", "interestAndDebtExpense": "None", "netIncomeFromContinuingOperations": "None", "comprehensiveIncomeNetOfTax": "None", "ebit": "-1778000", "ebitda": "-1224000", "netIncome": "-1647000"}, {"fiscalDateEnding": "2011-12-31", "reportedCurrency": "None", "grossProfit": "6008000", "totalRevenue": "11841000", "costOfRevenue": "5833000", "costofGoodsAndServicesSold": "5833000", "operatingIncome": "-428000", "sellingGeneralAndAdministrative": "None", "researchAndDevelopment": "931000", "operatingExpenses": "6436000", "investmentIncomeNet": "None", "netInterestIncome": "None", "interestIncome": "None", "interestExpense": "None", "nonInterestIncome": "None", "otherNonOperatingIncome": "None", "depreciation": "None", "depreciationAndAmortization": "571000", "incomeBeforeTax": "-491000", "incomeTaxExpense": "120000", "interestAndDebtExpense": "None", "netIncomeFromContinuingOperations": "None", "comprehensiveIncomeNetOfTax": "None", "ebit": "165000", "ebitda": "736000", "netIncome": "-18000"}, {"fiscalDateEnding": "2011-09-30", "reportedCurrency": "None", "grossProfit": "5922000", "totalRevenue": "11284000", "costOfRevenue": "5362000", "costofGoodsAndServicesSold": "5362000", "operatingIncome": "-574000", "sellingGeneralAndAdministrative": "None", "researchAndDevelopment": "827000", "operatingExpenses": "6496000", "investmentIncomeNet": "None", "netInterestIncome": "None", "interestIncome": "None", "interestExpense": "None", "nonInterestIncome": "None", "otherNonOperatingIncome": "None", "depreciation": "None", "depreciationAndAmortization": "584000", "incomeBeforeTax": "-274000", "incomeTaxExpense": "-360000", "interestAndDebtExpense": "None", "netIncomeFromContinuingOperations": "None", "comprehensiveIncomeNetOfTax": "None", "ebit": "-874000", "ebitda": "-290000", "netIncome": "-214000"}, {"fiscalDateEnding": "2011-06-30", "reportedCurrency": "None", "grossProfit": "4478000", "totalRevenue": "8333000", "costOfRevenue": "3855000", "costofGoodsAndServicesSold": "3855000", "operatingIncome": "-2118000", "sellingGeneralAndAdministrative": "None", "researchAndDevelopment": "870000", "operatingExpenses": "6596000", "investmentIncomeNet": "None", "netInterestIncome": "None", "interestIncome": "None", "interestExpense": "None", "nonInterestIncome": "None", "otherNonOperatingIncome": "None", "depreciation": "None", "depreciationAndAmortization": "607000", "incomeBeforeTax": "-2096000", "incomeTaxExpense": "-75000", "interestAndDebtExpense": "None", "netIncomeFromContinuingOperations": "None", "comprehensiveIncomeNetOfTax": "None", "ebit": "-2140000", "ebitda": "-1533000", "netIncome": "-2043000"}, {"fiscalDateEnding": "2011-03-31", "reportedCurrency": "None", "grossProfit": "4161000", "totalRevenue": "7834000", "costOfRevenue": "3673000", "costofGoodsAndServicesSold": "3673000", "operatingIncome": "-1840000", "sellingGeneralAndAdministrative": "None", "researchAndDevelopment": "906000", "operatingExpenses": "6001000", "investmentIncomeNet": "None", "netInterestIncome": "None", "interestIncome": "None", "interestExpense": "None", "nonInterestIncome": "None", "otherNonOperatingIncome": "None", "depreciation": "None", "depreciationAndAmortization": "605000", "incomeBeforeTax": "-1812000", "incomeTaxExpense": "-75000", "interestAndDebtExpense": "None", "netIncomeFromContinuingOperations": "None", "comprehensiveIncomeNetOfTax": "None", "ebit": "-1868000", "ebitda": "-1263000", "netIncome": "-1765000"}, {"fiscalDateEnding": "2010-12-31", "reportedCurrency": "None", "grossProfit": "4032000", "totalRevenue": "7234000", "costOfRevenue": "3202000", "costofGoodsAndServicesSold": "3202000", "operatingIncome": "-2774000", "sellingGeneralAndAdministrative": "None", "researchAndDevelopment": "1067000", "operatingExpenses": "6806000", "investmentIncomeNet": "None", "netInterestIncome": "None", "interestIncome": "None", "interestExpense": "None", "nonInterestIncome": "None", "otherNonOperatingIncome": "None", "depreciation": "None", "depreciationAndAmortization": "988000", "incomeBeforeTax": "-2764000", "incomeTaxExpense": "-779000", "interestAndDebtExpense": "None", "netIncomeFromContinuingOperations": "None", "comprehensiveIncomeNetOfTax": "None", "ebit": "-3453000", "ebitda": "-2465000", "netIncome": "-2664000"}, {"fiscalDateEnding": "2010-09-30", "reportedCurrency": "None", "grossProfit": "3388000", "totalRevenue": "6490000", "costOfRevenue": "3102000", "costofGoodsAndServicesSold": "3102000", "operatingIncome": "-2125000", "sellingGeneralAndAdministrative": "None", "researchAndDevelopment": "1089000", "operatingExpenses": "5513000", "investmentIncomeNet": "None", "netInterestIncome": "None", "interestIncome": "None", "interestExpense": "1000", "nonInterestIncome": "None", "otherNonOperatingIncome": "None", "depreciation": "None", "depreciationAndAmortization": "477000", "incomeBeforeTax": "-1858000", "incomeTaxExpense": "1000", "interestAndDebtExpense": "None", "netIncomeFromContinuingOperations": "None", "comprehensiveIncomeNetOfTax": "None", "ebit": "-1946000", "ebitda": "-1469000", "netIncome": "-1858000"}, {"fiscalDateEnding": "2010-06-30", "reportedCurrency": "None", "grossProfit": "3616000", "totalRevenue": "6013000", "costOfRevenue": "2397000", "costofGoodsAndServicesSold": "2397000", "operatingIncome": "-4192000", "sellingGeneralAndAdministrative": "None", "researchAndDevelopment": "1119000", "operatingExpenses": "7808000", "investmentIncomeNet": "None", "netInterestIncome": "None", "interestIncome": "None", "interestExpense": "25000", "nonInterestIncome": "None", "otherNonOperatingIncome": "None", "depreciation": "None", "depreciationAndAmortization": "538000", "incomeBeforeTax": "-4188000", "incomeTaxExpense": "-166000", "interestAndDebtExpense": "None", "netIncomeFromContinuingOperations": "None", "comprehensiveIncomeNetOfTax": "None", "ebit": "-4196000", "ebitda": "-3658000", "netIncome": "-4026000"}, {"fiscalDateEnding": "2010-03-31", "reportedCurrency": "None", "grossProfit": "3385000", "totalRevenue": "6124000", "costOfRevenue": "2739000", "costofGoodsAndServicesSold": "2739000", "operatingIncome": "-4243000", "sellingGeneralAndAdministrative": "None", "researchAndDevelopment": "1154000", "operatingExpenses": "7628000", "investmentIncomeNet": "None", "netInterestIncome": "None", "interestIncome": "None", "interestExpense": "30000", "nonInterestIncome": "None", "otherNonOperatingIncome": "None", "depreciation": "None", "depreciationAndAmortization": "432000", "incomeBeforeTax": "-4242000", "incomeTaxExpense": "-180000", "interestAndDebtExpense": "None", "netIncomeFromContinuingOperations": "None", "comprehensiveIncomeNetOfTax": "None", "ebit": "-4244000", "ebitda": "-3812000", "netIncome": "-4063000"}, {"fiscalDateEnding": "2009-12-31", "reportedCurrency": "None", "grossProfit": "802000", "totalRevenue": "2856000", "costOfRevenue": "2054000", "costofGoodsAndServicesSold": "2054000", "operatingIncome": "-4704000", "sellingGeneralAndAdministrative": "None", "researchAndDevelopment": "582000", "operatingExpenses": "5506000", "investmentIncomeNet": "None", "netInterestIncome": "None", "interestIncome": "None", "interestExpense": "43000", "nonInterestIncome": "None", "otherNonOperatingIncome": "None", "depreciation": "None", "depreciationAndAmortization": "129000", "incomeBeforeTax": "-4736000", "incomeTaxExpense": "55000", "interestAndDebtExpense": "None", "netIncomeFromContinuingOperations": "None", "comprehensiveIncomeNetOfTax": "None", "ebit": "-4672000", "ebitda": "-4543000", "netIncome": "-4759000"}, {"fiscalDateEnding": "2009-09-30", "reportedCurrency": "None", "grossProfit": "899000", "totalRevenue": "1841000", "costOfRevenue": "942000", "costofGoodsAndServicesSold": "942000", "operatingIncome": "-3387000", "sellingGeneralAndAdministrative": "None", "researchAndDevelopment": "642000", "operatingExpenses": "4286000", "investmentIncomeNet": "None", "netInterestIncome": "None", "interestIncome": "None", "interestExpense": "44000", "nonInterestIncome": "None", "otherNonOperatingIncome": "None", "depreciation": "None", "depreciationAndAmortization": "127000", "incomeBeforeTax": "-3277000", "incomeTaxExpense": "-350000", "interestAndDebtExpense": "None", "netIncomeFromContinuingOperations": "None", "comprehensiveIncomeNetOfTax": "None", "ebit": "-3497000", "ebitda": "-3370000", "netIncome": "-3037000"}, {"fiscalDateEnding": "2009-06-30", "reportedCurrency": "None", "grossProfit": "1471000", "totalRevenue": "2684000", "costOfRevenue": "1213000", "costofGoodsAndServicesSold": "1213000", "operatingIncome": "-2984000", "sellingGeneralAndAdministrative": "None", "researchAndDevelopment": "691000", "operatingExpenses": "4455000", "investmentIncomeNet": "None", "netInterestIncome": "None", "interestIncome": "None", "interestExpense": "43000", "nonInterestIncome": "None", "otherNonOperatingIncome": "None", "depreciation": "None", "depreciationAndAmortization": "139000", "incomeBeforeTax": "-2564000", "incomeTaxExpense": "-660000", "interestAndDebtExpense": "None", "netIncomeFromContinuingOperations": "None", "comprehensiveIncomeNetOfTax": "None", "ebit": "-3404000", "ebitda": "-3265000", "netIncome": "-2324000"}, {"fiscalDateEnding": "2009-03-31", "reportedCurrency": "None", "grossProfit": "1589000", "totalRevenue": "2934000", "costOfRevenue": "1345000", "costofGoodsAndServicesSold": "1345000", "operatingIncome": "-3311000", "sellingGeneralAndAdministrative": "None", "researchAndDevelopment": "689000", "operatingExpenses": "4900000", "investmentIncomeNet": "None", "netInterestIncome": "None", "interestIncome": "None", "interestExpense": "None", "nonInterestIncome": "None", "otherNonOperatingIncome": "None", "depreciation": "None", "depreciationAndAmortization": "138000", "incomeBeforeTax": "-3419000", "incomeTaxExpense": "-239000", "interestAndDebtExpense": "None", "netIncomeFromContinuingOperations": "None", "comprehensiveIncomeNetOfTax": "None", "ebit": "-3203000", "ebitda": "-3065000", "netIncome": "-3072000"}, {"fiscalDateEnding": "2008-12-31", "reportedCurrency": "None", "grossProfit": "3836000", "totalRevenue": "7921000", "costOfRevenue": "4085000", "costofGoodsAndServicesSold": "4085000", "operatingIncome": "-1267000", "sellingGeneralAndAdministrative": "None", "researchAndDevelopment": "792000", "operatingExpenses": "5103000", "investmentIncomeNet": "None", "netInterestIncome": "None", "interestIncome": "None", "interestExpense": "None", "nonInterestIncome": "None", "otherNonOperatingIncome": "None", "depreciation": "None", "depreciationAndAmortization": "200000", "incomeBeforeTax": "None", "incomeTaxExpense": "-35000", "interestAndDebtExpense": "None", "netIncomeFromContinuingOperations": "None", "comprehensiveIncomeNetOfTax": "None", "ebit": "-1267000", "ebitda": "-1067000", "netIncome": "-1232000"}, {"fiscalDateEnding": "2008-09-30", "reportedCurrency": "None", "grossProfit": "4767000", "totalRevenue": "9337000", "costOfRevenue": "4570000", "costofGoodsAndServicesSold": "4570000", "operatingIncome": "185000", "sellingGeneralAndAdministrative": "None", "researchAndDevelopment": "672000", "operatingExpenses": "4582000", "investmentIncomeNet": "None", "netInterestIncome": "None", "interestIncome": "None", "interestExpense": "None", "nonInterestIncome": "None", "otherNonOperatingIncome": "None", "depreciation": "None", "depreciationAndAmortization": "57000", "incomeBeforeTax": "None", "incomeTaxExpense": "-434000", "interestAndDebtExpense": "None", "netIncomeFromContinuingOperations": "None", "comprehensiveIncomeNetOfTax": "None", "ebit": "185000", "ebitda": "242000", "netIncome": "619000"}, {"fiscalDateEnding": "2008-06-30", "reportedCurrency": "None", "grossProfit": "2865000", "totalRevenue": "5460000", "costOfRevenue": "2595000", "costofGoodsAndServicesSold": "2595000", "operatingIncome": "-2121000", "sellingGeneralAndAdministrative": "None", "researchAndDevelopment": "708000", "operatingExpenses": "4986000", "investmentIncomeNet": "None", "netInterestIncome": "None", "interestIncome": "None", "interestExpense": "None", "nonInterestIncome": "None", "otherNonOperatingIncome": "None", "depreciation": "None", "depreciationAndAmortization": "143000", "incomeBeforeTax": "None", "incomeTaxExpense": "-593000", "interestAndDebtExpense": "None", "netIncomeFromContinuingOperations": "None", "comprehensiveIncomeNetOfTax": "None", "ebit": "-2121000", "ebitda": "-1978000", "netIncome": "-1528000"}, {"fiscalDateEnding": "2008-03-31", "reportedCurrency": "None", "grossProfit": "2112000", "totalRevenue": "4328000", "costOfRevenue": "2216000", "costofGoodsAndServicesSold": "2216000", "operatingIncome": "-2860000", "sellingGeneralAndAdministrative": "None", "researchAndDevelopment": "711000", "operatingExpenses": "4972000", "investmentIncomeNet": "None", "netInterestIncome": "None", "interestIncome": "None", "interestExpense": "None", "nonInterestIncome": "None", "otherNonOperatingIncome": "None", "depreciation": "None", "depreciationAndAmortization": "140000", "incomeBeforeTax": "None", "incomeTaxExpense": "-826000", "interestAndDebtExpense": "None", "netIncomeFromContinuingOperations": "None", "comprehensiveIncomeNetOfTax": "None", "ebit": "-2860000", "ebitda": "-2720000", "netIncome": "-2034000"}, {"fiscalDateEnding": "2007-12-31", "reportedCurrency": "None", "grossProfit": "1638000", "totalRevenue": "3721000", "costOfRevenue": "2083000", "costofGoodsAndServicesSold": "2083000", "operatingIncome": "-3338000", "sellingGeneralAndAdministrative": "None", "researchAndDevelopment": "721000", "operatingExpenses": "4976000", "investmentIncomeNet": "None", "netInterestIncome": "None", "interestIncome": "None", "interestExpense": "1000", "nonInterestIncome": "None", "otherNonOperatingIncome": "None", "depreciation": "None", "depreciationAndAmortization": "143000", "incomeBeforeTax": "None", "incomeTaxExpense": "-893000", "interestAndDebtExpense": "None", "netIncomeFromContinuingOperations": "None", "comprehensiveIncomeNetOfTax": "None", "ebit": "-3338000", "ebitda": "-3195000", "netIncome": "-2445000"}, {"fiscalDateEnding": "2007-09-30", "reportedCurrency": "None", "grossProfit": "3247000", "totalRevenue": "6518000", "costOfRevenue": "3271000", "costofGoodsAndServicesSold": "3271000", "operatingIncome": "-1585000", "sellingGeneralAndAdministrative": "None", "researchAndDevelopment": "828000", "operatingExpenses": "4832000", "investmentIncomeNet": "None", "netInterestIncome": "None", "interestIncome": "None", "interestExpense": "2000", "nonInterestIncome": "None", "otherNonOperatingIncome": "None", "depreciation": "None", "depreciationAndAmortization": "136000", "incomeBeforeTax": "-1572000", "incomeTaxExpense": "-795000", "interestAndDebtExpense": "None", "netIncomeFromContinuingOperations": "None", "comprehensiveIncomeNetOfTax": "None", "ebit": "-1598000", "ebitda": "-1462000", "netIncome": "-790000"}, {"fiscalDateEnding": "2007-06-30", "reportedCurrency": "None", "grossProfit": "1027000", "totalRevenue": "2223000", "costOfRevenue": "1196000", "costofGoodsAndServicesSold": "1196000", "operatingIncome": "-3447000", "sellingGeneralAndAdministrative": "None", "researchAndDevelopment": "594000", "operatingExpenses": "4474000", "investmentIncomeNet": "None", "netInterestIncome": "None", "interestIncome": "None", "interestExpense": "3000", "nonInterestIncome": "None", "otherNonOperatingIncome": "None", "depreciation": "None", "depreciationAndAmortization": "132000", "incomeBeforeTax": "-3409000", "incomeTaxExpense": "-803000", "interestAndDebtExpense": "None", "netIncomeFromContinuingOperations": "None", "comprehensiveIncomeNetOfTax": "None", "ebit": "-3485000", "ebitda": "-3353000", "netIncome": "-2644000"}, {"fiscalDateEnding": "2007-03-31", "reportedCurrency": "None", "grossProfit": "2242000", "totalRevenue": "4621000", "costOfRevenue": "2379000", "costofGoodsAndServicesSold": "2379000", "operatingIncome": "-2288000", "sellingGeneralAndAdministrative": "None", "researchAndDevelopment": "706000", "operatingExpenses": "4530000", "investmentIncomeNet": "None", "netInterestIncome": "None", "interestIncome": "None", "interestExpense": "None", "nonInterestIncome": "None", "otherNonOperatingIncome": "None", "depreciation": "None", "depreciationAndAmortization": "133000", "incomeBeforeTax": "-2250000", "incomeTaxExpense": "-826000", "interestAndDebtExpense": "None", "netIncomeFromContinuingOperations": "None", "comprehensiveIncomeNetOfTax": "None", "ebit": "-2326000", "ebitda": "-2193000", "netIncome": "-1462000"}, {"fiscalDateEnding": "2006-12-31", "reportedCurrency": "None", "grossProfit": "1388000", "totalRevenue": "3914000", "costOfRevenue": "2526000", "costofGoodsAndServicesSold": "2526000", "operatingIncome": "-3648000", "sellingGeneralAndAdministrative": "None", "researchAndDevelopment": "913000", "operatingExpenses": "5036000", "investmentIncomeNet": "None", "netInterestIncome": "None", "interestIncome": "None", "interestExpense": "6000", "nonInterestIncome": "None", "otherNonOperatingIncome": "None", "depreciation": "None", "depreciationAndAmortization": "124000", "incomeBeforeTax": "-3608000", "incomeTaxExpense": "-1094000", "interestAndDebtExpense": "None", "netIncomeFromContinuingOperations": "None", "comprehensiveIncomeNetOfTax": "None", "ebit": "-3688000", "ebitda": "-3564000", "netIncome": "-2554000"}, {"fiscalDateEnding": "2006-09-30", "reportedCurrency": "None", "grossProfit": "3575000", "totalRevenue": "8074000", "costOfRevenue": "4499000", "costofGoodsAndServicesSold": "4499000", "operatingIncome": "-260000", "sellingGeneralAndAdministrative": "None", "researchAndDevelopment": "673000", "operatingExpenses": "3835000", "investmentIncomeNet": "None", "netInterestIncome": "None", "interestIncome": "None", "interestExpense": "6000", "nonInterestIncome": "None", "otherNonOperatingIncome": "None", "depreciation": "None", "depreciationAndAmortization": "116000", "incomeBeforeTax": "-222000", "incomeTaxExpense": "-892000", "interestAndDebtExpense": "None", "netIncomeFromContinuingOperations": "None", "comprehensiveIncomeNetOfTax": "None", "ebit": "-298000", "ebitda": "-182000", "netIncome": "632000"}, {"fiscalDateEnding": "2006-06-30", "reportedCurrency": "None", "grossProfit": "2890000", "totalRevenue": "6363000", "costOfRevenue": "3473000", "costofGoodsAndServicesSold": "3473000", "operatingIncome": "-580000", "sellingGeneralAndAdministrative": "None", "researchAndDevelopment": "560000", "operatingExpenses": "3470000", "investmentIncomeNet": "None", "netInterestIncome": "None", "interestIncome": "None", "interestExpense": "8000", "nonInterestIncome": "None", "otherNonOperatingIncome": "None", "depreciation": "None", "depreciationAndAmortization": "115000", "incomeBeforeTax": "-542000", "incomeTaxExpense": "-761000", "interestAndDebtExpense": "None", "netIncomeFromContinuingOperations": "None", "comprehensiveIncomeNetOfTax": "None", "ebit": "-618000", "ebitda": "-503000", "netIncome": "181000"}, {"fiscalDateEnding": "2006-03-31", "reportedCurrency": "None", "grossProfit": "3187000", "totalRevenue": "6390000", "costOfRevenue": "3203000", "costofGoodsAndServicesSold": "3203000", "operatingIncome": "-54000", "sellingGeneralAndAdministrative": "None", "researchAndDevelopment": "493000", "operatingExpenses": "3241000", "investmentIncomeNet": "None", "netInterestIncome": "None", "interestIncome": "None", "interestExpense": "9000", "nonInterestIncome": "None", "otherNonOperatingIncome": "None", "depreciation": "None", "depreciationAndAmortization": "113000", "incomeBeforeTax": "-16000", "incomeTaxExpense": "-179000", "interestAndDebtExpense": "None", "netIncomeFromContinuingOperations": "None", "comprehensiveIncomeNetOfTax": "None", "ebit": "-92000", "ebitda": "21000", "netIncome": "125000"}, {"fiscalDateEnding": "2005-12-31", "reportedCurrency": "None", "grossProfit": "3063000", "totalRevenue": "6030000", "costOfRevenue": "2967000", "costofGoodsAndServicesSold": "2967000", "operatingIncome": "361000", "sellingGeneralAndAdministrative": "None", "researchAndDevelopment": "490000", "operatingExpenses": "2702000", "investmentIncomeNet": "None", "netInterestIncome": "None", "interestIncome": "None", "interestExpense": "10000", "nonInterestIncome": "None", "otherNonOperatingIncome": "None", "depreciation": "None", "depreciationAndAmortization": "96000", "incomeBeforeTax": "399000", "incomeTaxExpense": "-71000", "interestAndDebtExpense": "None", "netIncomeFromContinuingOperations": "None", "comprehensiveIncomeNetOfTax": "None", "ebit": "323000", "ebitda": "419000", "netIncome": "432000"}, {"fiscalDateEnding": "2005-09-30", "reportedCurrency": "None", "grossProfit": "2588000", "totalRevenue": "5742000", "costOfRevenue": "3154000", "costofGoodsAndServicesSold": "3154000", "operatingIncome": "566000", "sellingGeneralAndAdministrative": "None", "researchAndDevelopment": "398000", "operatingExpenses": "2022000", "investmentIncomeNet": "None", "netInterestIncome": "None", "interestIncome": "None", "interestExpense": "None", "nonInterestIncome": "None", "otherNonOperatingIncome": "None", "depreciation": "None", "depreciationAndAmortization": "88000", "incomeBeforeTax": "604000", "incomeTaxExpense": "-75000", "interestAndDebtExpense": "None", "netIncomeFromContinuingOperations": "None", "comprehensiveIncomeNetOfTax": "None", "ebit": "528000", "ebitda": "616000", "netIncome": "641000"}]}