{"symbol": "STT", "annualReports": [{"fiscalDateEnding": "2025-12-31", "reportedCurrency": "USD", "grossProfit": "13914000000", "totalRevenue": "20702000000", "costOfRevenue": "6788000000", "costofGoodsAndServicesSold": "6788000000", "operatingIncome": "3731000000", "sellingGeneralAndAdministrative": "3604000000", "researchAndDevelopment": "None", "operatingExpenses": "10183000000", "investmentIncomeNet": "None", "netInterestIncome": "None", "interestIncome": "None", "interestExpense": "8684000000", "nonInterestIncome": "None", "otherNonOperatingIncome": "None", "depreciation": "None", "depreciationAndAmortization": "1485000000", "incomeBeforeTax": "3731000000", "incomeTaxExpense": "786000000", "interestAndDebtExpense": "None", "netIncomeFromContinuingOperations": "None", "comprehensiveIncomeNetOfTax": "None", "ebit": "3731000000", "ebitda": "5216000000", "netIncome": "2945000000"}, {"fiscalDateEnding": "2024-12-31", "reportedCurrency": "USD", "grossProfit": "12844000000", "totalRevenue": "21973000000", "costOfRevenue": "9129000000", "costofGoodsAndServicesSold": "9129000000", "operatingIncome": "3395000000", "sellingGeneralAndAdministrative": "4712000000", "researchAndDevelopment": "None", "operatingExpenses": "9449000000", "investmentIncomeNet": "None", "netInterestIncome": "2923000000", "interestIncome": "11977000000", "interestExpense": "9054000000", "nonInterestIncome": "None", "otherNonOperatingIncome": "None", "depreciation": "None", "depreciationAndAmortization": "605000000", "incomeBeforeTax": "3395000000", "incomeTaxExpense": "708000000", "interestAndDebtExpense": "None", "netIncomeFromContinuingOperations": "2687000000", "comprehensiveIncomeNetOfTax": "None", "ebit": "3395000000", "ebitda": "4000000000", "netIncome": "2687000000"}, {"fiscalDateEnding": "2023-12-31", "reportedCurrency": "USD", "grossProfit": "11899000000", "totalRevenue": "18366000000", "costOfRevenue": "6467000000", "costofGoodsAndServicesSold": "6467000000", "operatingIncome": "2316000000", "sellingGeneralAndAdministrative": "4562000000", "researchAndDevelopment": "None", "operatingExpenses": "9583000000", "investmentIncomeNet": "None", "netInterestIncome": "2872000000", "interestIncome": "8349000000", "interestExpense": "6421000000", "nonInterestIncome": "None", "otherNonOperatingIncome": "None", "depreciation": "None", "depreciationAndAmortization": "882000000", "incomeBeforeTax": "2316000000", "incomeTaxExpense": "372000000", "interestAndDebtExpense": "None", "netIncomeFromContinuingOperations": "2467000000", "comprehensiveIncomeNetOfTax": "None", "ebit": "2316000000", "ebitda": "3198000000", "netIncome": "1944000000"}, {"fiscalDateEnding": "2022-12-31", "reportedCurrency": "USD", "grossProfit": "12105000000", "totalRevenue": "13669000000", "costOfRevenue": "1564000000", "costofGoodsAndServicesSold": "1564000000", "operatingIncome": "3327000000", "sellingGeneralAndAdministrative": "4378000000", "researchAndDevelopment": "None", "operatingExpenses": "8778000000", "investmentIncomeNet": "None", "netInterestIncome": "2544000000", "interestIncome": "4088000000", "interestExpense": "1544000000", "nonInterestIncome": "None", "otherNonOperatingIncome": "None", "depreciation": "None", "depreciationAndAmortization": "1156000000", "incomeBeforeTax": "3327000000", "incomeTaxExpense": "553000000", "interestAndDebtExpense": "None", "netIncomeFromContinuingOperations": "2774000000", "comprehensiveIncomeNetOfTax": "None", "ebit": "3327000000", "ebitda": "4483000000", "netIncome": "2774000000"}, {"fiscalDateEnding": "2021-12-31", "reportedCurrency": "USD", "grossProfit": "12060000000", "totalRevenue": "12030000000", "costOfRevenue": "-30000000", "costofGoodsAndServicesSold": "-30000000", "operatingIncome": "3171000000", "sellingGeneralAndAdministrative": "4586000000", "researchAndDevelopment": "None", "operatingExpenses": "8889000000", "investmentIncomeNet": "None", "netInterestIncome": "1905000000", "interestIncome": "1908000000", "interestExpense": "3000000", "nonInterestIncome": "None", "otherNonOperatingIncome": "None", "depreciation": "None", "depreciationAndAmortization": "1557000000", "incomeBeforeTax": "3171000000", "incomeTaxExpense": "478000000", "interestAndDebtExpense": "None", "netIncomeFromContinuingOperations": "2693000000", "comprehensiveIncomeNetOfTax": "None", "ebit": "3171000000", "ebitda": "4728000000", "netIncome": "2693000000"}, {"fiscalDateEnding": "2020-12-31", "reportedCurrency": "USD", "grossProfit": "11606000000", "totalRevenue": "12069000000", "costOfRevenue": "463000000", "costofGoodsAndServicesSold": "463000000", "operatingIncome": "2899000000", "sellingGeneralAndAdministrative": "4368000000", "researchAndDevelopment": "None", "operatingExpenses": "8707000000", "investmentIncomeNet": "None", "netInterestIncome": "2200000000", "interestIncome": "2575000000", "interestExpense": "375000000", "nonInterestIncome": "None", "otherNonOperatingIncome": "None", "depreciation": "None", "depreciationAndAmortization": "1510000000", "incomeBeforeTax": "2899000000", "incomeTaxExpense": "479000000", "interestAndDebtExpense": "None", "netIncomeFromContinuingOperations": "2420000000", "comprehensiveIncomeNetOfTax": "None", "ebit": "2899000000", "ebitda": "4409000000", "netIncome": "2420000000"}, {"fiscalDateEnding": "2019-12-31", "reportedCurrency": "USD", "grossProfit": "11746000000", "totalRevenue": "13131000000", "costOfRevenue": "1385000000", "costofGoodsAndServicesSold": "1385000000", "operatingIncome": "2712000000", "sellingGeneralAndAdministrative": "4462000000", "researchAndDevelopment": "None", "operatingExpenses": "9034000000", "investmentIncomeNet": "None", "netInterestIncome": "2566000000", "interestIncome": "3941000000", "interestExpense": "1375000000", "nonInterestIncome": "None", "otherNonOperatingIncome": "None", "depreciation": "None", "depreciationAndAmortization": "1337000000", "incomeBeforeTax": "2712000000", "incomeTaxExpense": "470000000", "interestAndDebtExpense": "None", "netIncomeFromContinuingOperations": "2242000000", "comprehensiveIncomeNetOfTax": "None", "ebit": "2712000000", "ebitda": "4049000000", "netIncome": "2242000000"}, {"fiscalDateEnding": "2018-12-31", "reportedCurrency": "USD", "grossProfit": "12116000000", "totalRevenue": "13122000000", "costOfRevenue": "1006000000", "costofGoodsAndServicesSold": "1006000000", "operatingIncome": "3101000000", "sellingGeneralAndAdministrative": "4798000000", "researchAndDevelopment": "0", "operatingExpenses": "9015000000", "investmentIncomeNet": "None", "netInterestIncome": "2671000000", "interestIncome": "3662000000", "interestExpense": "991000000", "nonInterestIncome": "None", "otherNonOperatingIncome": "None", "depreciation": "None", "depreciationAndAmortization": "1203000000", "incomeBeforeTax": "3101000000", "incomeTaxExpense": "508000000", "interestAndDebtExpense": "None", "netIncomeFromContinuingOperations": "2599000000", "comprehensiveIncomeNetOfTax": "None", "ebit": "3101000000", "ebitda": "4304000000", "netIncome": "2593000000"}, {"fiscalDateEnding": "2017-12-31", "reportedCurrency": "USD", "grossProfit": "11264000000", "totalRevenue": "11870000000", "costOfRevenue": "606000000", "costofGoodsAndServicesSold": "606000000", "operatingIncome": "2995000000", "sellingGeneralAndAdministrative": "4414000000", "researchAndDevelopment": "0", "operatingExpenses": "8269000000", "investmentIncomeNet": "None", "netInterestIncome": "2304000000", "interestIncome": "2908000000", "interestExpense": "604000000", "nonInterestIncome": "None", "otherNonOperatingIncome": "None", "depreciation": "None", "depreciationAndAmortization": "1085000000", "incomeBeforeTax": "2995000000", "incomeTaxExpense": "839000000", "interestAndDebtExpense": "None", "netIncomeFromContinuingOperations": "2177000000", "comprehensiveIncomeNetOfTax": "None", "ebit": "2995000000", "ebitda": "4080000000", "netIncome": "2156000000"}, {"fiscalDateEnding": "2016-12-31", "reportedCurrency": "USD", "grossProfit": "10197000000", "totalRevenue": "10635000000", "costOfRevenue": "438000000", "costofGoodsAndServicesSold": "438000000", "operatingIncome": "2120000000", "sellingGeneralAndAdministrative": "4446000000", "researchAndDevelopment": "0", "operatingExpenses": "8077000000", "investmentIncomeNet": "None", "netInterestIncome": "2084000000", "interestIncome": "2512000000", "interestExpense": "428000000", "nonInterestIncome": "None", "otherNonOperatingIncome": "None", "depreciation": "None", "depreciationAndAmortization": "929000000", "incomeBeforeTax": "2120000000", "incomeTaxExpense": "-22000000", "interestAndDebtExpense": "None", "netIncomeFromContinuingOperations": "2142000000", "comprehensiveIncomeNetOfTax": "None", "ebit": "2120000000", "ebitda": "3049000000", "netIncome": "2143000000"}, {"fiscalDateEnding": "2015-12-31", "reportedCurrency": "USD", "grossProfit": "10348000000", "totalRevenue": "10760000000", "costOfRevenue": "412000000", "costofGoodsAndServicesSold": "412000000", "operatingIncome": "2298000000", "sellingGeneralAndAdministrative": "4187000000", "researchAndDevelopment": "0", "operatingExpenses": "8050000000", "investmentIncomeNet": "None", "netInterestIncome": "2083000000", "interestIncome": "2483000000", "interestExpense": "400000000", "nonInterestIncome": "None", "otherNonOperatingIncome": "None", "depreciation": "None", "depreciationAndAmortization": "801000000", "incomeBeforeTax": "2298000000", "incomeTaxExpense": "318000000", "interestAndDebtExpense": "None", "netIncomeFromContinuingOperations": "1980000000", "comprehensiveIncomeNetOfTax": "None", "ebit": "2298000000", "ebitda": "3099000000", "netIncome": "1980000000"}, {"fiscalDateEnding": "2014-12-31", "reportedCurrency": "USD", "grossProfit": "10264000000", "totalRevenue": "10666000000", "costOfRevenue": "402000000", "costofGoodsAndServicesSold": "402000000", "operatingIncome": "2437000000", "sellingGeneralAndAdministrative": "4140000000", "researchAndDevelopment": "0", "operatingExpenses": "7827000000", "investmentIncomeNet": "None", "netInterestIncome": "None", "interestIncome": "None", "interestExpense": "392000000", "nonInterestIncome": "None", "otherNonOperatingIncome": "None", "depreciation": "None", "depreciationAndAmortization": "699000000", "incomeBeforeTax": "2437000000", "incomeTaxExpense": "415000000", "interestAndDebtExpense": "None", "netIncomeFromContinuingOperations": "2037000000", "comprehensiveIncomeNetOfTax": "None", "ebit": "2437000000", "ebitda": "3136000000", "netIncome": "2022000000"}, {"fiscalDateEnding": "2013-12-31", "reportedCurrency": "USD", "grossProfit": "9858000000", "totalRevenue": "10275000000", "costOfRevenue": "417000000", "costofGoodsAndServicesSold": "417000000", "operatingIncome": "2666000000", "sellingGeneralAndAdministrative": "3880000000", "researchAndDevelopment": "0", "operatingExpenses": "7192000000", "investmentIncomeNet": "None", "netInterestIncome": "None", "interestIncome": "None", "interestExpense": "411000000", "nonInterestIncome": "None", "otherNonOperatingIncome": "None", "depreciation": "None", "depreciationAndAmortization": "675000000", "incomeBeforeTax": "2666000000", "incomeTaxExpense": "616000000", "interestAndDebtExpense": "None", "netIncomeFromContinuingOperations": "2136000000", "comprehensiveIncomeNetOfTax": "None", "ebit": "2666000000", "ebitda": "3341000000", "netIncome": "2050000000"}, {"fiscalDateEnding": "2012-12-31", "reportedCurrency": "USD", "grossProfit": "9652000000", "totalRevenue": "10125000000", "costOfRevenue": "473000000", "costofGoodsAndServicesSold": "473000000", "operatingIncome": "2766000000", "sellingGeneralAndAdministrative": "3837000000", "researchAndDevelopment": "0", "operatingExpenses": "6886000000", "investmentIncomeNet": "None", "netInterestIncome": "None", "interestIncome": "None", "interestExpense": "476000000", "nonInterestIncome": "None", "otherNonOperatingIncome": "None", "depreciation": "None", "depreciationAndAmortization": "489000000", "incomeBeforeTax": "2766000000", "incomeTaxExpense": "705000000", "interestAndDebtExpense": "None", "netIncomeFromContinuingOperations": "2061000000", "comprehensiveIncomeNetOfTax": "None", "ebit": "2766000000", "ebitda": "3255000000", "netIncome": "2061000000"}, {"fiscalDateEnding": "2011-12-31", "reportedCurrency": "USD", "grossProfit": "9594000000", "totalRevenue": "10207000000", "costOfRevenue": "613000000", "costofGoodsAndServicesSold": "613000000", "operatingIncome": "2536000000", "sellingGeneralAndAdministrative": "3820000000", "researchAndDevelopment": "0", "operatingExpenses": "7058000000", "investmentIncomeNet": "None", "netInterestIncome": "None", "interestIncome": "None", "interestExpense": "613000000", "nonInterestIncome": "None", "otherNonOperatingIncome": "None", "depreciation": "None", "depreciationAndAmortization": "418000000", "incomeBeforeTax": "2536000000", "incomeTaxExpense": "616000000", "interestAndDebtExpense": "None", "netIncomeFromContinuingOperations": "None", "comprehensiveIncomeNetOfTax": "None", "ebit": "2536000000", "ebitda": "2954000000", "netIncome": "1920000000"}, {"fiscalDateEnding": "2010-12-31", "reportedCurrency": "USD", "grossProfit": "8928000000", "totalRevenue": "9716000000", "costOfRevenue": "788000000", "costofGoodsAndServicesSold": "788000000", "operatingIncome": "2086000000", "sellingGeneralAndAdministrative": "3517000000", "researchAndDevelopment": "0", "operatingExpenses": "6842000000", "investmentIncomeNet": "None", "netInterestIncome": "None", "interestIncome": "None", "interestExpense": "763000000", "nonInterestIncome": "None", "otherNonOperatingIncome": "None", "depreciation": "None", "depreciationAndAmortization": "-230000000", "incomeBeforeTax": "2086000000", "incomeTaxExpense": "530000000", "interestAndDebtExpense": "None", "netIncomeFromContinuingOperations": "1556000000", "comprehensiveIncomeNetOfTax": "None", "ebit": "2086000000", "ebitda": "1856000000", "netIncome": "1556000000"}, {"fiscalDateEnding": "2009-12-31", "reportedCurrency": "USD", "grossProfit": "8491000000", "totalRevenue": "9362000000", "costOfRevenue": "871000000", "costofGoodsAndServicesSold": "871000000", "operatingIncome": "2525000000", "sellingGeneralAndAdministrative": "3037000000", "researchAndDevelopment": "0", "operatingExpenses": "5966000000", "investmentIncomeNet": "None", "netInterestIncome": "None", "interestIncome": "None", "interestExpense": "722000000", "nonInterestIncome": "None", "otherNonOperatingIncome": "None", "depreciation": "None", "depreciationAndAmortization": "-321000000", "incomeBeforeTax": "2525000000", "incomeTaxExpense": "722000000", "interestAndDebtExpense": "None", "netIncomeFromContinuingOperations": "None", "comprehensiveIncomeNetOfTax": "None", "ebit": "2525000000", "ebitda": "2204000000", "netIncome": "-1881000000"}, {"fiscalDateEnding": "2008-12-31", "reportedCurrency": "USD", "grossProfit": "9893000000", "totalRevenue": "12122000000", "costOfRevenue": "2229000000", "costofGoodsAndServicesSold": "2229000000", "operatingIncome": "2842000000", "sellingGeneralAndAdministrative": "3842000000", "researchAndDevelopment": "None", "operatingExpenses": "7051000000", "investmentIncomeNet": "None", "netInterestIncome": "None", "interestIncome": "None", "interestExpense": "2229000000", "nonInterestIncome": "None", "otherNonOperatingIncome": "None", "depreciation": "None", "depreciationAndAmortization": "369000000", "incomeBeforeTax": "2842000000", "incomeTaxExpense": "1031000000", "interestAndDebtExpense": "None", "netIncomeFromContinuingOperations": "None", "comprehensiveIncomeNetOfTax": "None", "ebit": "2842000000", "ebitda": "3211000000", "netIncome": "1811000000"}, {"fiscalDateEnding": "2007-12-31", "reportedCurrency": "USD", "grossProfit": "8336000000", "totalRevenue": "11818000000", "costOfRevenue": "3482000000", "costofGoodsAndServicesSold": "3482000000", "operatingIncome": "1903000000", "sellingGeneralAndAdministrative": "3256000000", "researchAndDevelopment": "None", "operatingExpenses": "6433000000", "investmentIncomeNet": "None", "netInterestIncome": "None", "interestIncome": "None", "interestExpense": "3482000000", "nonInterestIncome": "None", "otherNonOperatingIncome": "None", "depreciation": "None", "depreciationAndAmortization": "130000000", "incomeBeforeTax": "1903000000", "incomeTaxExpense": "642000000", "interestAndDebtExpense": "None", "netIncomeFromContinuingOperations": "None", "comprehensiveIncomeNetOfTax": "None", "ebit": "1903000000", "ebitda": "2033000000", "netIncome": "1261000000"}, {"fiscalDateEnding": "2006-12-31", "reportedCurrency": "USD", "grossProfit": "6311000000", "totalRevenue": "9525000000", "costOfRevenue": "3214000000", "costofGoodsAndServicesSold": "3214000000", "operatingIncome": "1771000000", "sellingGeneralAndAdministrative": "2652000000", "researchAndDevelopment": "None", "operatingExpenses": "4540000000", "investmentIncomeNet": "None", "netInterestIncome": "None", "interestIncome": "None", "interestExpense": "3214000000", "nonInterestIncome": "None", "otherNonOperatingIncome": "None", "depreciation": "None", "depreciationAndAmortization": "385000000", "incomeBeforeTax": "1771000000", "incomeTaxExpense": "675000000", "interestAndDebtExpense": "None", "netIncomeFromContinuingOperations": "None", "comprehensiveIncomeNetOfTax": "None", "ebit": "1771000000", "ebitda": "2156000000", "netIncome": "1106000000"}], "quarterlyReports": [{"fiscalDateEnding": "2025-12-31", "reportedCurrency": "USD", "grossProfit": "3667000000", "totalRevenue": "3667000000", "costOfRevenue": "None", "costofGoodsAndServicesSold": "None", "operatingIncome": "918000000", "sellingGeneralAndAdministrative": "None", "researchAndDevelopment": "None", "operatingExpenses": "2749000000", "investmentIncomeNet": "None", "netInterestIncome": "None", "interestIncome": "None", "interestExpense": "1947000000", "nonInterestIncome": "None", "otherNonOperatingIncome": "None", "depreciation": "None", "depreciationAndAmortization": "203000000", "incomeBeforeTax": "918000000", "incomeTaxExpense": "171000000", "interestAndDebtExpense": "None", "netIncomeFromContinuingOperations": "None", "comprehensiveIncomeNetOfTax": "None", "ebit": "918000000", "ebitda": "1121000000", "netIncome": "747000000"}, {"fiscalDateEnding": "2025-09-30", "reportedCurrency": "USD", "grossProfit": "3536000000", "totalRevenue": "5748000000", "costOfRevenue": "2212000000", "costofGoodsAndServicesSold": "2212000000", "operatingIncome": "1102000000", "sellingGeneralAndAdministrative": "1162000000", "researchAndDevelopment": "None", "operatingExpenses": "2434000000", "investmentIncomeNet": "None", "netInterestIncome": "715000000", "interestIncome": "2918000000", "interestExpense": "2203000000", "nonInterestIncome": "None", "otherNonOperatingIncome": "None", "depreciation": "None", "depreciationAndAmortization": "159000000", "incomeBeforeTax": "1102000000", "incomeTaxExpense": "241000000", "interestAndDebtExpense": "None", "netIncomeFromContinuingOperations": "861000000", "comprehensiveIncomeNetOfTax": "None", "ebit": "1102000000", "ebitda": "1261000000", "netIncome": "861000000"}, {"fiscalDateEnding": "2025-06-30", "reportedCurrency": "USD", "grossProfit": "3439000000", "totalRevenue": "5795000000", "costOfRevenue": "2356000000", "costofGoodsAndServicesSold": "2356000000", "operatingIncome": "889000000", "sellingGeneralAndAdministrative": "1180000000", "researchAndDevelopment": "None", "operatingExpenses": "2550000000", "investmentIncomeNet": "None", "netInterestIncome": "729000000", "interestIncome": "3055000000", "interestExpense": "2326000000", "nonInterestIncome": "None", "otherNonOperatingIncome": "None", "depreciation": "None", "depreciationAndAmortization": "117000000", "incomeBeforeTax": "889000000", "incomeTaxExpense": "196000000", "interestAndDebtExpense": "None", "netIncomeFromContinuingOperations": "693000000", "comprehensiveIncomeNetOfTax": "None", "ebit": "889000000", "ebitda": "1006000000", "netIncome": "693000000"}, {"fiscalDateEnding": "2025-03-31", "reportedCurrency": "USD", "grossProfit": "3272000000", "totalRevenue": "5492000000", "costOfRevenue": "2220000000", "costofGoodsAndServicesSold": "2220000000", "operatingIncome": "822000000", "sellingGeneralAndAdministrative": "1262000000", "researchAndDevelopment": "None", "operatingExpenses": "2450000000", "investmentIncomeNet": "None", "netInterestIncome": "714000000", "interestIncome": "2922000000", "interestExpense": "2208000000", "nonInterestIncome": "None", "otherNonOperatingIncome": "None", "depreciation": "None", "depreciationAndAmortization": "88000000", "incomeBeforeTax": "822000000", "incomeTaxExpense": "178000000", "interestAndDebtExpense": "None", "netIncomeFromContinuingOperations": "644000000", "comprehensiveIncomeNetOfTax": "None", "ebit": "822000000", "ebitda": "910000000", "netIncome": "644000000"}, {"fiscalDateEnding": "2024-12-31", "reportedCurrency": "USD", "grossProfit": "3400000000", "totalRevenue": "5672000000", "costOfRevenue": "2272000000", "costofGoodsAndServicesSold": "2272000000", "operatingIncome": "960000000", "sellingGeneralAndAdministrative": "1227000000", "researchAndDevelopment": "None", "operatingExpenses": "2440000000", "investmentIncomeNet": "None", "netInterestIncome": "749000000", "interestIncome": "3009000000", "interestExpense": "2260000000", "nonInterestIncome": "None", "otherNonOperatingIncome": "None", "depreciation": "None", "depreciationAndAmortization": "119000000", "incomeBeforeTax": "960000000", "incomeTaxExpense": "177000000", "interestAndDebtExpense": "None", "netIncomeFromContinuingOperations": "783000000", "comprehensiveIncomeNetOfTax": "None", "ebit": "960000000", "ebitda": "1079000000", "netIncome": "783000000"}, {"fiscalDateEnding": "2024-09-30", "reportedCurrency": "USD", "grossProfit": "3152000000", "totalRevenue": "5536000000", "costOfRevenue": "2384000000", "costofGoodsAndServicesSold": "2384000000", "operatingIncome": "925000000", "sellingGeneralAndAdministrative": "1134000000", "researchAndDevelopment": "None", "operatingExpenses": "2227000000", "investmentIncomeNet": "None", "netInterestIncome": "723000000", "interestIncome": "3081000000", "interestExpense": "2358000000", "nonInterestIncome": "None", "otherNonOperatingIncome": "None", "depreciation": "None", "depreciationAndAmortization": "144000000", "incomeBeforeTax": "925000000", "incomeTaxExpense": "195000000", "interestAndDebtExpense": "None", "netIncomeFromContinuingOperations": "730000000", "comprehensiveIncomeNetOfTax": "None", "ebit": "925000000", "ebitda": "1069000000", "netIncome": "730000000"}, {"fiscalDateEnding": "2024-06-30", "reportedCurrency": "USD", "grossProfit": "3181000000", "totalRevenue": "5454000000", "costOfRevenue": "2273000000", "costofGoodsAndServicesSold": "2273000000", "operatingIncome": "912000000", "sellingGeneralAndAdministrative": "1099000000", "researchAndDevelopment": "None", "operatingExpenses": "2269000000", "investmentIncomeNet": "None", "netInterestIncome": "735000000", "interestIncome": "2998000000", "interestExpense": "2263000000", "nonInterestIncome": "None", "otherNonOperatingIncome": "None", "depreciation": "None", "depreciationAndAmortization": "161000000", "incomeBeforeTax": "912000000", "incomeTaxExpense": "201000000", "interestAndDebtExpense": "None", "netIncomeFromContinuingOperations": "711000000", "comprehensiveIncomeNetOfTax": "None", "ebit": "912000000", "ebitda": "1073000000", "netIncome": "711000000"}, {"fiscalDateEnding": "2024-03-31", "reportedCurrency": "USD", "grossProfit": "3111000000", "totalRevenue": "5311000000", "costOfRevenue": "2200000000", "costofGoodsAndServicesSold": "2200000000", "operatingIncome": "598000000", "sellingGeneralAndAdministrative": "1252000000", "researchAndDevelopment": "None", "operatingExpenses": "2513000000", "investmentIncomeNet": "None", "netInterestIncome": "716000000", "interestIncome": "2889000000", "interestExpense": "2173000000", "nonInterestIncome": "None", "otherNonOperatingIncome": "None", "depreciation": "None", "depreciationAndAmortization": "181000000", "incomeBeforeTax": "598000000", "incomeTaxExpense": "135000000", "interestAndDebtExpense": "None", "netIncomeFromContinuingOperations": "463000000", "comprehensiveIncomeNetOfTax": "None", "ebit": "598000000", "ebitda": "779000000", "netIncome": "463000000"}, {"fiscalDateEnding": "2023-12-31", "reportedCurrency": "USD", "grossProfit": "3023000000", "totalRevenue": "4958000000", "costOfRevenue": "1935000000", "costofGoodsAndServicesSold": "1935000000", "operatingIncome": "201000000", "sellingGeneralAndAdministrative": "1065000000", "researchAndDevelopment": "None", "operatingExpenses": "2822000000", "investmentIncomeNet": "None", "netInterestIncome": "678000000", "interestIncome": "2593000000", "interestExpense": "1915000000", "nonInterestIncome": "None", "otherNonOperatingIncome": "None", "depreciation": "None", "depreciationAndAmortization": "191000000", "incomeBeforeTax": "201000000", "incomeTaxExpense": "-9000000", "interestAndDebtExpense": "None", "netIncomeFromContinuingOperations": "210000000", "comprehensiveIncomeNetOfTax": "None", "ebit": "201000000", "ebitda": "392000000", "netIncome": "210000000"}, {"fiscalDateEnding": "2023-09-30", "reportedCurrency": "USD", "grossProfit": "2691000000", "totalRevenue": "4395000000", "costOfRevenue": "1704000000", "costofGoodsAndServicesSold": "1704000000", "operatingIncome": "511000000", "sellingGeneralAndAdministrative": "1082000000", "researchAndDevelopment": "None", "operatingExpenses": "2180000000", "investmentIncomeNet": "None", "netInterestIncome": "624000000", "interestIncome": "2328000000", "interestExpense": "1704000000", "nonInterestIncome": "None", "otherNonOperatingIncome": "None", "depreciation": "None", "depreciationAndAmortization": "223000000", "incomeBeforeTax": "511000000", "incomeTaxExpense": "89000000", "interestAndDebtExpense": "None", "netIncomeFromContinuingOperations": "422000000", "comprehensiveIncomeNetOfTax": "None", "ebit": "511000000", "ebitda": "734000000", "netIncome": "422000000"}, {"fiscalDateEnding": "2023-06-30", "reportedCurrency": "USD", "grossProfit": "3128000000", "totalRevenue": "4651000000", "costOfRevenue": "1523000000", "costofGoodsAndServicesSold": "1523000000", "operatingIncome": "916000000", "sellingGeneralAndAdministrative": "1123000000", "researchAndDevelopment": "None", "operatingExpenses": "2212000000", "investmentIncomeNet": "None", "netInterestIncome": "691000000", "interestIncome": "2232000000", "interestExpense": "1541000000", "nonInterestIncome": "None", "otherNonOperatingIncome": "None", "depreciation": "None", "depreciationAndAmortization": "237000000", "incomeBeforeTax": "916000000", "incomeTaxExpense": "153000000", "interestAndDebtExpense": "None", "netIncomeFromContinuingOperations": "763000000", "comprehensiveIncomeNetOfTax": "None", "ebit": "916000000", "ebitda": "1153000000", "netIncome": "763000000"}, {"fiscalDateEnding": "2023-03-31", "reportedCurrency": "USD", "grossProfit": "3057000000", "totalRevenue": "4362000000", "costOfRevenue": "1305000000", "costofGoodsAndServicesSold": "1305000000", "operatingIncome": "688000000", "sellingGeneralAndAdministrative": "1292000000", "researchAndDevelopment": "None", "operatingExpenses": "2369000000", "investmentIncomeNet": "None", "netInterestIncome": "766000000", "interestIncome": "2027000000", "interestExpense": "1261000000", "nonInterestIncome": "None", "otherNonOperatingIncome": "None", "depreciation": "None", "depreciationAndAmortization": "231000000", "incomeBeforeTax": "688000000", "incomeTaxExpense": "139000000", "interestAndDebtExpense": "None", "netIncomeFromContinuingOperations": "549000000", "comprehensiveIncomeNetOfTax": "None", "ebit": "688000000", "ebitda": "919000000", "netIncome": "549000000"}, {"fiscalDateEnding": "2022-12-31", "reportedCurrency": "USD", "grossProfit": "3122000000", "totalRevenue": "4103000000", "costOfRevenue": "981000000", "costofGoodsAndServicesSold": "981000000", "operatingIncome": "889000000", "sellingGeneralAndAdministrative": "1058000000", "researchAndDevelopment": "None", "operatingExpenses": "2233000000", "investmentIncomeNet": "None", "netInterestIncome": "791000000", "interestIncome": "1762000000", "interestExpense": "971000000", "nonInterestIncome": "None", "otherNonOperatingIncome": "None", "depreciation": "None", "depreciationAndAmortization": "419000000", "incomeBeforeTax": "889000000", "incomeTaxExpense": "156000000", "interestAndDebtExpense": "None", "netIncomeFromContinuingOperations": "733000000", "comprehensiveIncomeNetOfTax": "None", "ebit": "889000000", "ebitda": "1308000000", "netIncome": "733000000"}, {"fiscalDateEnding": "2022-09-30", "reportedCurrency": "USD", "grossProfit": "2959000000", "totalRevenue": "3400000000", "costOfRevenue": "441000000", "costofGoodsAndServicesSold": "441000000", "operatingIncome": "849000000", "sellingGeneralAndAdministrative": "1042000000", "researchAndDevelopment": "None", "operatingExpenses": "2110000000", "investmentIncomeNet": "None", "netInterestIncome": "660000000", "interestIncome": "1101000000", "interestExpense": "441000000", "nonInterestIncome": "None", "otherNonOperatingIncome": "None", "depreciation": "None", "depreciationAndAmortization": "196000000", "incomeBeforeTax": "849000000", "incomeTaxExpense": "159000000", "interestAndDebtExpense": "None", "netIncomeFromContinuingOperations": "690000000", "comprehensiveIncomeNetOfTax": "None", "ebit": "849000000", "ebitda": "1045000000", "netIncome": "690000000"}, {"fiscalDateEnding": "2022-06-30", "reportedCurrency": "USD", "grossProfit": "2943000000", "totalRevenue": "3073000000", "costOfRevenue": "130000000", "costofGoodsAndServicesSold": "130000000", "operatingIncome": "835000000", "sellingGeneralAndAdministrative": "1046000000", "researchAndDevelopment": "None", "operatingExpenses": "2108000000", "investmentIncomeNet": "None", "netInterestIncome": "584000000", "interestIncome": "704000000", "interestExpense": "120000000", "nonInterestIncome": "None", "otherNonOperatingIncome": "None", "depreciation": "None", "depreciationAndAmortization": "248000000", "incomeBeforeTax": "835000000", "incomeTaxExpense": "88000000", "interestAndDebtExpense": "None", "netIncomeFromContinuingOperations": "747000000", "comprehensiveIncomeNetOfTax": "None", "ebit": "835000000", "ebitda": "1083000000", "netIncome": "747000000"}, {"fiscalDateEnding": "2022-03-31", "reportedCurrency": "USD", "grossProfit": "3081000000", "totalRevenue": "3093000000", "costOfRevenue": "12000000", "costofGoodsAndServicesSold": "12000000", "operatingIncome": "754000000", "sellingGeneralAndAdministrative": "1232000000", "researchAndDevelopment": "None", "operatingExpenses": "2327000000", "investmentIncomeNet": "None", "netInterestIncome": "508000000", "interestIncome": "521000000", "interestExpense": "12000000", "nonInterestIncome": "None", "otherNonOperatingIncome": "None", "depreciation": "None", "depreciationAndAmortization": "293000000", "incomeBeforeTax": "754000000", "incomeTaxExpense": "150000000", "interestAndDebtExpense": "None", "netIncomeFromContinuingOperations": "604000000", "comprehensiveIncomeNetOfTax": "None", "ebit": "754000000", "ebitda": "1047000000", "netIncome": "604000000"}, {"fiscalDateEnding": "2021-12-31", "reportedCurrency": "USD", "grossProfit": "3007000000", "totalRevenue": "2999000000", "costOfRevenue": "-8000000", "costofGoodsAndServicesSold": "-8000000", "operatingIncome": "730000000", "sellingGeneralAndAdministrative": "1216000000", "researchAndDevelopment": "None", "operatingExpenses": "2277000000", "investmentIncomeNet": "None", "netInterestIncome": "484000000", "interestIncome": "483000000", "interestExpense": "1000000", "nonInterestIncome": "None", "otherNonOperatingIncome": "None", "depreciation": "None", "depreciationAndAmortization": "359000000", "incomeBeforeTax": "730000000", "incomeTaxExpense": "33000000", "interestAndDebtExpense": "None", "netIncomeFromContinuingOperations": "697000000", "comprehensiveIncomeNetOfTax": "None", "ebit": "730000000", "ebitda": "1089000000", "netIncome": "697000000"}, {"fiscalDateEnding": "2021-09-30", "reportedCurrency": "USD", "grossProfit": "2992000000", "totalRevenue": "2990000000", "costOfRevenue": "-2000000", "costofGoodsAndServicesSold": "-2000000", "operatingIncome": "876000000", "sellingGeneralAndAdministrative": "1054000000", "researchAndDevelopment": "None", "operatingExpenses": "2116000000", "investmentIncomeNet": "None", "netInterestIncome": "486000000", "interestIncome": "487000000", "interestExpense": "0", "nonInterestIncome": "None", "otherNonOperatingIncome": "None", "depreciation": "None", "depreciationAndAmortization": "377000000", "incomeBeforeTax": "876000000", "incomeTaxExpense": "162000000", "interestAndDebtExpense": "None", "netIncomeFromContinuingOperations": "714000000", "comprehensiveIncomeNetOfTax": "None", "ebit": "876000000", "ebitda": "1253000000", "netIncome": "714000000"}, {"fiscalDateEnding": "2021-06-30", "reportedCurrency": "USD", "grossProfit": "2985000000", "totalRevenue": "2970000000", "costOfRevenue": "-15000000", "costofGoodsAndServicesSold": "-15000000", "operatingIncome": "938000000", "sellingGeneralAndAdministrative": "1080000000", "researchAndDevelopment": "None", "operatingExpenses": "2047000000", "investmentIncomeNet": "None", "netInterestIncome": "467000000", "interestIncome": "467000000", "interestExpense": "69000000", "nonInterestIncome": "None", "otherNonOperatingIncome": "None", "depreciation": "None", "depreciationAndAmortization": "404000000", "incomeBeforeTax": "938000000", "incomeTaxExpense": "175000000", "interestAndDebtExpense": "None", "netIncomeFromContinuingOperations": "763000000", "comprehensiveIncomeNetOfTax": "None", "ebit": "938000000", "ebitda": "1342000000", "netIncome": "763000000"}, {"fiscalDateEnding": "2021-03-31", "reportedCurrency": "USD", "grossProfit": "2959000000", "totalRevenue": "2954000000", "costOfRevenue": "-5000000", "costofGoodsAndServicesSold": "-5000000", "operatingIncome": "627000000", "sellingGeneralAndAdministrative": "1245000000", "researchAndDevelopment": "None", "operatingExpenses": "2332000000", "investmentIncomeNet": "None", "netInterestIncome": "467000000", "interestIncome": "471000000", "interestExpense": "4000000", "nonInterestIncome": "None", "otherNonOperatingIncome": "None", "depreciation": "None", "depreciationAndAmortization": "417000000", "incomeBeforeTax": "627000000", "incomeTaxExpense": "108000000", "interestAndDebtExpense": "None", "netIncomeFromContinuingOperations": "519000000", "comprehensiveIncomeNetOfTax": "None", "ebit": "627000000", "ebitda": "1044000000", "netIncome": "519000000"}, {"fiscalDateEnding": "2020-12-31", "reportedCurrency": "USD", "grossProfit": "2917000000", "totalRevenue": "2931000000", "costOfRevenue": "14000000", "costofGoodsAndServicesSold": "14000000", "operatingIncome": "641000000", "sellingGeneralAndAdministrative": "1133000000", "researchAndDevelopment": "None", "operatingExpenses": "2276000000", "investmentIncomeNet": "None", "netInterestIncome": "499000000", "interestIncome": "513000000", "interestExpense": "14000000", "nonInterestIncome": "None", "otherNonOperatingIncome": "None", "depreciation": "None", "depreciationAndAmortization": "2128000000", "incomeBeforeTax": "641000000", "incomeTaxExpense": "104000000", "interestAndDebtExpense": "None", "netIncomeFromContinuingOperations": "537000000", "comprehensiveIncomeNetOfTax": "None", "ebit": "641000000", "ebitda": "2769000000", "netIncome": "537000000"}, {"fiscalDateEnding": "2020-09-30", "reportedCurrency": "USD", "grossProfit": "2784000000", "totalRevenue": "2826000000", "costOfRevenue": "42000000", "costofGoodsAndServicesSold": "42000000", "operatingIncome": "681000000", "sellingGeneralAndAdministrative": "1064000000", "researchAndDevelopment": "None", "operatingExpenses": "2103000000", "investmentIncomeNet": "None", "netInterestIncome": "478000000", "interestIncome": "520000000", "interestExpense": "42000000", "nonInterestIncome": "None", "otherNonOperatingIncome": "None", "depreciation": "None", "depreciationAndAmortization": "-1302000000", "incomeBeforeTax": "681000000", "incomeTaxExpense": "126000000", "interestAndDebtExpense": "None", "netIncomeFromContinuingOperations": "555000000", "comprehensiveIncomeNetOfTax": "None", "ebit": "681000000", "ebitda": "-621000000", "netIncome": "555000000"}, {"fiscalDateEnding": "2020-06-30", "reportedCurrency": "USD", "grossProfit": "2885000000", "totalRevenue": "3052000000", "costOfRevenue": "167000000", "costofGoodsAndServicesSold": "167000000", "operatingIncome": "803000000", "sellingGeneralAndAdministrative": "1054000000", "researchAndDevelopment": "None", "operatingExpenses": "2082000000", "investmentIncomeNet": "None", "netInterestIncome": "559000000", "interestIncome": "674000000", "interestExpense": "115000000", "nonInterestIncome": "None", "otherNonOperatingIncome": "None", "depreciation": "None", "depreciationAndAmortization": "352000000", "incomeBeforeTax": "803000000", "incomeTaxExpense": "109000000", "interestAndDebtExpense": "None", "netIncomeFromContinuingOperations": "694000000", "comprehensiveIncomeNetOfTax": "None", "ebit": "803000000", "ebitda": "1155000000", "netIncome": "694000000"}, {"fiscalDateEnding": "2020-03-31", "reportedCurrency": "USD", "grossProfit": "3029000000", "totalRevenue": "3269000000", "costOfRevenue": "240000000", "costofGoodsAndServicesSold": "240000000", "operatingIncome": "774000000", "sellingGeneralAndAdministrative": "1213000000", "researchAndDevelopment": "None", "operatingExpenses": "2255000000", "investmentIncomeNet": "None", "netInterestIncome": "664000000", "interestIncome": "868000000", "interestExpense": "204000000", "nonInterestIncome": "None", "otherNonOperatingIncome": "None", "depreciation": "None", "depreciationAndAmortization": "332000000", "incomeBeforeTax": "774000000", "incomeTaxExpense": "140000000", "interestAndDebtExpense": "None", "netIncomeFromContinuingOperations": "634000000", "comprehensiveIncomeNetOfTax": "None", "ebit": "774000000", "ebitda": "1106000000", "netIncome": "634000000"}, {"fiscalDateEnding": "2019-12-31", "reportedCurrency": "USD", "grossProfit": "3045000000", "totalRevenue": "3318000000", "costOfRevenue": "273000000", "costofGoodsAndServicesSold": "273000000", "operatingIncome": "638000000", "sellingGeneralAndAdministrative": "1164000000", "researchAndDevelopment": "None", "operatingExpenses": "2407000000", "investmentIncomeNet": "None", "netInterestIncome": "636000000", "interestIncome": "906000000", "interestExpense": "270000000", "nonInterestIncome": "None", "otherNonOperatingIncome": "None", "depreciation": "None", "depreciationAndAmortization": "363000000", "incomeBeforeTax": "638000000", "incomeTaxExpense": "74000000", "interestAndDebtExpense": "None", "netIncomeFromContinuingOperations": "564000000", "comprehensiveIncomeNetOfTax": "None", "ebit": "638000000", "ebitda": "1001000000", "netIncome": "564000000"}, {"fiscalDateEnding": "2019-09-30", "reportedCurrency": "USD", "grossProfit": "2901000000", "totalRevenue": "3260000000", "costOfRevenue": "359000000", "costofGoodsAndServicesSold": "359000000", "operatingIncome": "721000000", "sellingGeneralAndAdministrative": "1088000000", "researchAndDevelopment": "None", "operatingExpenses": "2180000000", "investmentIncomeNet": "None", "netInterestIncome": "644000000", "interestIncome": "1001000000", "interestExpense": "357000000", "nonInterestIncome": "None", "otherNonOperatingIncome": "None", "depreciation": "None", "depreciationAndAmortization": "340000000", "incomeBeforeTax": "721000000", "incomeTaxExpense": "138000000", "interestAndDebtExpense": "None", "netIncomeFromContinuingOperations": "583000000", "comprehensiveIncomeNetOfTax": "None", "ebit": "721000000", "ebitda": "1061000000", "netIncome": "583000000"}, {"fiscalDateEnding": "2019-06-30", "reportedCurrency": "USD", "grossProfit": "2872000000", "totalRevenue": "3267000000", "costOfRevenue": "395000000", "costofGoodsAndServicesSold": "395000000", "operatingIncome": "718000000", "sellingGeneralAndAdministrative": "1088000000", "researchAndDevelopment": "None", "operatingExpenses": "2154000000", "investmentIncomeNet": "None", "netInterestIncome": "613000000", "interestIncome": "1007000000", "interestExpense": "394000000", "nonInterestIncome": "None", "otherNonOperatingIncome": "None", "depreciation": "None", "depreciationAndAmortization": "330000000", "incomeBeforeTax": "718000000", "incomeTaxExpense": "131000000", "interestAndDebtExpense": "None", "netIncomeFromContinuingOperations": "587000000", "comprehensiveIncomeNetOfTax": "None", "ebit": "718000000", "ebitda": "1048000000", "netIncome": "587000000"}, {"fiscalDateEnding": "2019-03-31", "reportedCurrency": "USD", "grossProfit": "2928000000", "totalRevenue": "3286000000", "costOfRevenue": "358000000", "costofGoodsAndServicesSold": "358000000", "operatingIncome": "635000000", "sellingGeneralAndAdministrative": "1234000000", "researchAndDevelopment": "None", "operatingExpenses": "2293000000", "investmentIncomeNet": "None", "netInterestIncome": "673000000", "interestIncome": "1027000000", "interestExpense": "354000000", "nonInterestIncome": "None", "otherNonOperatingIncome": "None", "depreciation": "None", "depreciationAndAmortization": "304000000", "incomeBeforeTax": "635000000", "incomeTaxExpense": "127000000", "interestAndDebtExpense": "None", "netIncomeFromContinuingOperations": "508000000", "comprehensiveIncomeNetOfTax": "None", "ebit": "635000000", "ebitda": "939000000", "netIncome": "508000000"}, {"fiscalDateEnding": "2018-12-31", "reportedCurrency": "USD", "grossProfit": "2978000000", "totalRevenue": "3271000000", "costOfRevenue": "293000000", "costofGoodsAndServicesSold": "293000000", "operatingIncome": "504000000", "sellingGeneralAndAdministrative": "1321000000", "researchAndDevelopment": "0", "operatingExpenses": "2474000000", "investmentIncomeNet": "None", "netInterestIncome": "None", "interestIncome": "None", "interestExpense": "285000000", "nonInterestIncome": "None", "otherNonOperatingIncome": "None", "depreciation": "None", "depreciationAndAmortization": "329000000", "incomeBeforeTax": "504000000", "incomeTaxExpense": "65000000", "interestAndDebtExpense": "None", "netIncomeFromContinuingOperations": "439000000", "comprehensiveIncomeNetOfTax": "None", "ebit": "504000000", "ebitda": "833000000", "netIncome": "439000000"}, {"fiscalDateEnding": "2018-09-30", "reportedCurrency": "USD", "grossProfit": "2984000000", "totalRevenue": "3233000000", "costOfRevenue": "249000000", "costofGoodsAndServicesSold": "249000000", "operatingIncome": "893000000", "sellingGeneralAndAdministrative": "1103000000", "researchAndDevelopment": "0", "operatingExpenses": "2091000000", "investmentIncomeNet": "None", "netInterestIncome": "None", "interestIncome": "None", "interestExpense": "244000000", "nonInterestIncome": "None", "otherNonOperatingIncome": "None", "depreciation": "None", "depreciationAndAmortization": "287000000", "incomeBeforeTax": "893000000", "incomeTaxExpense": "129000000", "interestAndDebtExpense": "None", "netIncomeFromContinuingOperations": "765000000", "comprehensiveIncomeNetOfTax": "None", "ebit": "893000000", "ebitda": "1180000000", "netIncome": "764000000"}, {"fiscalDateEnding": "2018-06-30", "reportedCurrency": "USD", "grossProfit": "3061000000", "totalRevenue": "3311000000", "costOfRevenue": "250000000", "costofGoodsAndServicesSold": "250000000", "operatingIncome": "891000000", "sellingGeneralAndAdministrative": "1157000000", "researchAndDevelopment": "0", "operatingExpenses": "2170000000", "investmentIncomeNet": "None", "netInterestIncome": "None", "interestIncome": "None", "interestExpense": "248000000", "nonInterestIncome": "None", "otherNonOperatingIncome": "None", "depreciation": "None", "depreciationAndAmortization": "289000000", "incomeBeforeTax": "891000000", "incomeTaxExpense": "158000000", "interestAndDebtExpense": "None", "netIncomeFromContinuingOperations": "734000000", "comprehensiveIncomeNetOfTax": "None", "ebit": "891000000", "ebitda": "1180000000", "netIncome": "733000000"}, {"fiscalDateEnding": "2018-03-31", "reportedCurrency": "USD", "grossProfit": "3056000000", "totalRevenue": "3270000000", "costOfRevenue": "214000000", "costofGoodsAndServicesSold": "214000000", "operatingIncome": "788000000", "sellingGeneralAndAdministrative": "1281000000", "researchAndDevelopment": "0", "operatingExpenses": "2268000000", "investmentIncomeNet": "None", "netInterestIncome": "None", "interestIncome": "None", "interestExpense": "214000000", "nonInterestIncome": "None", "otherNonOperatingIncome": "None", "depreciation": "None", "depreciationAndAmortization": "298000000", "incomeBeforeTax": "788000000", "incomeTaxExpense": "129000000", "interestAndDebtExpense": "None", "netIncomeFromContinuingOperations": "661000000", "comprehensiveIncomeNetOfTax": "None", "ebit": "788000000", "ebitda": "1086000000", "netIncome": "659000000"}, {"fiscalDateEnding": "2017-12-31", "reportedCurrency": "USD", "grossProfit": "2848000000", "totalRevenue": "3027000000", "costOfRevenue": "179000000", "costofGoodsAndServicesSold": "179000000", "operatingIncome": "717000000", "sellingGeneralAndAdministrative": "1101000000", "researchAndDevelopment": "0", "operatingExpenses": "2131000000", "investmentIncomeNet": "None", "netInterestIncome": "None", "interestIncome": "None", "interestExpense": "181000000", "nonInterestIncome": "None", "otherNonOperatingIncome": "None", "depreciation": "None", "depreciationAndAmortization": "289000000", "incomeBeforeTax": "717000000", "incomeTaxExpense": "347000000", "interestAndDebtExpense": "None", "netIncomeFromContinuingOperations": "370000000", "comprehensiveIncomeNetOfTax": "None", "ebit": "717000000", "ebitda": "1006000000", "netIncome": "370000000"}, {"fiscalDateEnding": "2017-09-30", "reportedCurrency": "USD", "grossProfit": "2843000000", "totalRevenue": "3004000000", "costOfRevenue": "161000000", "costofGoodsAndServicesSold": "161000000", "operatingIncome": "822000000", "sellingGeneralAndAdministrative": "1117000000", "researchAndDevelopment": "0", "operatingExpenses": "2021000000", "investmentIncomeNet": "None", "netInterestIncome": "None", "interestIncome": "None", "interestExpense": "158000000", "nonInterestIncome": "None", "otherNonOperatingIncome": "None", "depreciation": "None", "depreciationAndAmortization": "275000000", "incomeBeforeTax": "822000000", "incomeTaxExpense": "137000000", "interestAndDebtExpense": "None", "netIncomeFromContinuingOperations": "685000000", "comprehensiveIncomeNetOfTax": "None", "ebit": "822000000", "ebitda": "1097000000", "netIncome": "685000000"}, {"fiscalDateEnding": "2017-06-30", "reportedCurrency": "USD", "grossProfit": "2807000000", "totalRevenue": "2935000000", "costOfRevenue": "128000000", "costofGoodsAndServicesSold": "128000000", "operatingIncome": "776000000", "sellingGeneralAndAdministrative": "1099000000", "researchAndDevelopment": "0", "operatingExpenses": "2031000000", "investmentIncomeNet": "None", "netInterestIncome": "None", "interestIncome": "None", "interestExpense": "125000000", "nonInterestIncome": "None", "otherNonOperatingIncome": "None", "depreciation": "None", "depreciationAndAmortization": "257000000", "incomeBeforeTax": "776000000", "incomeTaxExpense": "156000000", "interestAndDebtExpense": "None", "netIncomeFromContinuingOperations": "620000000", "comprehensiveIncomeNetOfTax": "None", "ebit": "776000000", "ebitda": "1033000000", "netIncome": "620000000"}, {"fiscalDateEnding": "2017-03-31", "reportedCurrency": "USD", "grossProfit": "2670000000", "totalRevenue": "2808000000", "costOfRevenue": "138000000", "costofGoodsAndServicesSold": "138000000", "operatingIncome": "584000000", "sellingGeneralAndAdministrative": "1196000000", "researchAndDevelopment": "0", "operatingExpenses": "2086000000", "investmentIncomeNet": "None", "netInterestIncome": "None", "interestIncome": "None", "interestExpense": "140000000", "nonInterestIncome": "None", "otherNonOperatingIncome": "None", "depreciation": "None", "depreciationAndAmortization": "264000000", "incomeBeforeTax": "584000000", "incomeTaxExpense": "82000000", "interestAndDebtExpense": "None", "netIncomeFromContinuingOperations": "502000000", "comprehensiveIncomeNetOfTax": "None", "ebit": "584000000", "ebitda": "848000000", "netIncome": "502000000"}, {"fiscalDateEnding": "2016-12-31", "reportedCurrency": "USD", "grossProfit": "2529000000", "totalRevenue": "2633000000", "costOfRevenue": "104000000", "costofGoodsAndServicesSold": "104000000", "operatingIncome": "345000000", "sellingGeneralAndAdministrative": "1263000000", "researchAndDevelopment": "0", "operatingExpenses": "2184000000", "investmentIncomeNet": "None", "netInterestIncome": "None", "interestIncome": "None", "interestExpense": "102000000", "nonInterestIncome": "None", "otherNonOperatingIncome": "None", "depreciation": "None", "depreciationAndAmortization": "259000000", "incomeBeforeTax": "345000000", "incomeTaxExpense": "-248000000", "interestAndDebtExpense": "None", "netIncomeFromContinuingOperations": "2449000000", "comprehensiveIncomeNetOfTax": "None", "ebit": "345000000", "ebitda": "604000000", "netIncome": "593000000"}, {"fiscalDateEnding": "2016-09-30", "reportedCurrency": "USD", "grossProfit": "2620000000", "totalRevenue": "2730000000", "costOfRevenue": "110000000", "costofGoodsAndServicesSold": "110000000", "operatingIncome": "636000000", "sellingGeneralAndAdministrative": "1044000000", "researchAndDevelopment": "0", "operatingExpenses": "1984000000", "investmentIncomeNet": "None", "netInterestIncome": "None", "interestIncome": "None", "interestExpense": "110000000", "nonInterestIncome": "None", "otherNonOperatingIncome": "None", "depreciation": "None", "depreciationAndAmortization": "210000000", "incomeBeforeTax": "636000000", "incomeTaxExpense": "72000000", "interestAndDebtExpense": "None", "netIncomeFromContinuingOperations": "564000000", "comprehensiveIncomeNetOfTax": "None", "ebit": "636000000", "ebitda": "846000000", "netIncome": "563000000"}, {"fiscalDateEnding": "2016-06-30", "reportedCurrency": "USD", "grossProfit": "2569000000", "totalRevenue": "2672000000", "costOfRevenue": "103000000", "costofGoodsAndServicesSold": "103000000", "operatingIncome": "709000000", "sellingGeneralAndAdministrative": "1010000000", "researchAndDevelopment": "0", "operatingExpenses": "1860000000", "investmentIncomeNet": "None", "netInterestIncome": "None", "interestIncome": "None", "interestExpense": "99000000", "nonInterestIncome": "None", "otherNonOperatingIncome": "None", "depreciation": "None", "depreciationAndAmortization": "228000000", "incomeBeforeTax": "709000000", "incomeTaxExpense": "92000000", "interestAndDebtExpense": "None", "netIncomeFromContinuingOperations": "617000000", "comprehensiveIncomeNetOfTax": "None", "ebit": "709000000", "ebitda": "937000000", "netIncome": "619000000"}, {"fiscalDateEnding": "2016-03-31", "reportedCurrency": "USD", "grossProfit": "2480000000", "totalRevenue": "2601000000", "costOfRevenue": "121000000", "costofGoodsAndServicesSold": "121000000", "operatingIncome": "430000000", "sellingGeneralAndAdministrative": "1129000000", "researchAndDevelopment": "0", "operatingExpenses": "2050000000", "investmentIncomeNet": "None", "netInterestIncome": "None", "interestIncome": "None", "interestExpense": "117000000", "nonInterestIncome": "None", "otherNonOperatingIncome": "None", "depreciation": "None", "depreciationAndAmortization": "232000000", "incomeBeforeTax": "430000000", "incomeTaxExpense": "62000000", "interestAndDebtExpense": "None", "netIncomeFromContinuingOperations": "368000000", "comprehensiveIncomeNetOfTax": "None", "ebit": "430000000", "ebitda": "662000000", "netIncome": "368000000"}, {"fiscalDateEnding": "2015-12-31", "reportedCurrency": "USD", "grossProfit": "2521000000", "totalRevenue": "2631000000", "costOfRevenue": "110000000", "costofGoodsAndServicesSold": "110000000", "operatingIncome": "664000000", "sellingGeneralAndAdministrative": "1065000000", "researchAndDevelopment": "0", "operatingExpenses": "1857000000", "investmentIncomeNet": "None", "netInterestIncome": "None", "interestIncome": "None", "interestExpense": "109000000", "nonInterestIncome": "None", "otherNonOperatingIncome": "None", "depreciation": "None", "depreciationAndAmortization": "212000000", "incomeBeforeTax": "664000000", "incomeTaxExpense": "99000000", "interestAndDebtExpense": "None", "netIncomeFromContinuingOperations": "565000000", "comprehensiveIncomeNetOfTax": "None", "ebit": "664000000", "ebitda": "876000000", "netIncome": "564000000"}, {"fiscalDateEnding": "2015-09-30", "reportedCurrency": "USD", "grossProfit": "2609000000", "totalRevenue": "2715000000", "costOfRevenue": "106000000", "costofGoodsAndServicesSold": "106000000", "operatingIncome": "647000000", "sellingGeneralAndAdministrative": "1084000000", "researchAndDevelopment": "0", "operatingExpenses": "1962000000", "investmentIncomeNet": "None", "netInterestIncome": "None", "interestIncome": "None", "interestExpense": "101000000", "nonInterestIncome": "None", "otherNonOperatingIncome": "None", "depreciation": "None", "depreciationAndAmortization": "207000000", "incomeBeforeTax": "647000000", "incomeTaxExpense": "67000000", "interestAndDebtExpense": "None", "netIncomeFromContinuingOperations": "584000000", "comprehensiveIncomeNetOfTax": "None", "ebit": "647000000", "ebitda": "854000000", "netIncome": "581000000"}, {"fiscalDateEnding": "2015-06-30", "reportedCurrency": "USD", "grossProfit": "2606000000", "totalRevenue": "2702000000", "costOfRevenue": "96000000", "costofGoodsAndServicesSold": "96000000", "operatingIncome": "472000000", "sellingGeneralAndAdministrative": "1012000000", "researchAndDevelopment": "0", "operatingExpenses": "2134000000", "investmentIncomeNet": "None", "netInterestIncome": "None", "interestIncome": "None", "interestExpense": "94000000", "nonInterestIncome": "None", "otherNonOperatingIncome": "None", "depreciation": "None", "depreciationAndAmortization": "198000000", "incomeBeforeTax": "472000000", "incomeTaxExpense": "54000000", "interestAndDebtExpense": "None", "netIncomeFromContinuingOperations": "422000000", "comprehensiveIncomeNetOfTax": "None", "ebit": "472000000", "ebitda": "670000000", "netIncome": "418000000"}, {"fiscalDateEnding": "2015-03-31", "reportedCurrency": "USD", "grossProfit": "2596000000", "totalRevenue": "2696000000", "costOfRevenue": "100000000", "costofGoodsAndServicesSold": "100000000", "operatingIncome": "499000000", "sellingGeneralAndAdministrative": "1124000000", "researchAndDevelopment": "0", "operatingExpenses": "2097000000", "investmentIncomeNet": "None", "netInterestIncome": "None", "interestIncome": "None", "interestExpense": "96000000", "nonInterestIncome": "None", "otherNonOperatingIncome": "None", "depreciation": "None", "depreciationAndAmortization": "186000000", "incomeBeforeTax": "499000000", "incomeTaxExpense": "94000000", "interestAndDebtExpense": "None", "netIncomeFromContinuingOperations": "409000000", "comprehensiveIncomeNetOfTax": "None", "ebit": "499000000", "ebitda": "685000000", "netIncome": "405000000"}, {"fiscalDateEnding": "2014-12-31", "reportedCurrency": "USD", "grossProfit": "2625000000", "totalRevenue": "2731000000", "costOfRevenue": "106000000", "costofGoodsAndServicesSold": "106000000", "operatingIncome": "569000000", "sellingGeneralAndAdministrative": "972000000", "researchAndDevelopment": "0", "operatingExpenses": "2056000000", "investmentIncomeNet": "None", "netInterestIncome": "None", "interestIncome": "None", "interestExpense": "102000000", "nonInterestIncome": "None", "otherNonOperatingIncome": "None", "depreciation": "None", "depreciationAndAmortization": "186000000", "incomeBeforeTax": "569000000", "incomeTaxExpense": "77000000", "interestAndDebtExpense": "None", "netIncomeFromContinuingOperations": "492000000", "comprehensiveIncomeNetOfTax": "None", "ebit": "569000000", "ebitda": "755000000", "netIncome": "492000000"}, {"fiscalDateEnding": "2014-09-30", "reportedCurrency": "USD", "grossProfit": "2580000000", "totalRevenue": "2683000000", "costOfRevenue": "103000000", "costofGoodsAndServicesSold": "103000000", "operatingIncome": "688000000", "sellingGeneralAndAdministrative": "953000000", "researchAndDevelopment": "0", "operatingExpenses": "1892000000", "investmentIncomeNet": "None", "netInterestIncome": "None", "interestIncome": "None", "interestExpense": "101000000", "nonInterestIncome": "None", "otherNonOperatingIncome": "None", "depreciation": "None", "depreciationAndAmortization": "177000000", "incomeBeforeTax": "688000000", "incomeTaxExpense": "128000000", "interestAndDebtExpense": "None", "netIncomeFromContinuingOperations": "560000000", "comprehensiveIncomeNetOfTax": "None", "ebit": "688000000", "ebitda": "865000000", "netIncome": "560000000"}, {"fiscalDateEnding": "2014-06-30", "reportedCurrency": "USD", "grossProfit": "2596000000", "totalRevenue": "2687000000", "costOfRevenue": "91000000", "costofGoodsAndServicesSold": "91000000", "operatingIncome": "746000000", "sellingGeneralAndAdministrative": "978000000", "researchAndDevelopment": "0", "operatingExpenses": "1850000000", "investmentIncomeNet": "None", "netInterestIncome": "None", "interestIncome": "None", "interestExpense": "89000000", "nonInterestIncome": "None", "otherNonOperatingIncome": "None", "depreciation": "None", "depreciationAndAmortization": "183000000", "incomeBeforeTax": "746000000", "incomeTaxExpense": "124000000", "interestAndDebtExpense": "None", "netIncomeFromContinuingOperations": "622000000", "comprehensiveIncomeNetOfTax": "None", "ebit": "746000000", "ebitda": "929000000", "netIncome": "622000000"}, {"fiscalDateEnding": "2014-03-31", "reportedCurrency": "USD", "grossProfit": "2483000000", "totalRevenue": "2585000000", "costOfRevenue": "102000000", "costofGoodsAndServicesSold": "102000000", "operatingIncome": "455000000", "sellingGeneralAndAdministrative": "1157000000", "researchAndDevelopment": "0", "operatingExpenses": "2028000000", "investmentIncomeNet": "None", "netInterestIncome": "None", "interestIncome": "None", "interestExpense": "100000000", "nonInterestIncome": "None", "otherNonOperatingIncome": "None", "depreciation": "None", "depreciationAndAmortization": "153000000", "incomeBeforeTax": "455000000", "incomeTaxExpense": "92000000", "interestAndDebtExpense": "None", "netIncomeFromContinuingOperations": "363000000", "comprehensiveIncomeNetOfTax": "None", "ebit": "455000000", "ebitda": "608000000", "netIncome": "363000000"}, {"fiscalDateEnding": "2013-12-31", "reportedCurrency": "USD", "grossProfit": "2458000000", "totalRevenue": "2563000000", "costOfRevenue": "105000000", "costofGoodsAndServicesSold": "105000000", "operatingIncome": "612000000", "sellingGeneralAndAdministrative": "945000000", "researchAndDevelopment": "0", "operatingExpenses": "1846000000", "investmentIncomeNet": "None", "netInterestIncome": "None", "interestIncome": "None", "interestExpense": "99000000", "nonInterestIncome": "None", "otherNonOperatingIncome": "None", "depreciation": "None", "depreciationAndAmortization": "191000000", "incomeBeforeTax": "612000000", "incomeTaxExpense": "59000000", "interestAndDebtExpense": "None", "netIncomeFromContinuingOperations": "553000000", "comprehensiveIncomeNetOfTax": "None", "ebit": "612000000", "ebitda": "803000000", "netIncome": "553000000"}, {"fiscalDateEnding": "2013-09-30", "reportedCurrency": "USD", "grossProfit": "2425000000", "totalRevenue": "2522000000", "costOfRevenue": "97000000", "costofGoodsAndServicesSold": "97000000", "operatingIncome": "703000000", "sellingGeneralAndAdministrative": "903000000", "researchAndDevelopment": "0", "operatingExpenses": "1722000000", "investmentIncomeNet": "None", "netInterestIncome": "None", "interestIncome": "None", "interestExpense": "97000000", "nonInterestIncome": "None", "otherNonOperatingIncome": "None", "depreciation": "None", "depreciationAndAmortization": "184000000", "incomeBeforeTax": "703000000", "incomeTaxExpense": "163000000", "interestAndDebtExpense": "None", "netIncomeFromContinuingOperations": "540000000", "comprehensiveIncomeNetOfTax": "None", "ebit": "703000000", "ebitda": "887000000", "netIncome": "540000000"}, {"fiscalDateEnding": "2013-06-30", "reportedCurrency": "USD", "grossProfit": "2560000000", "totalRevenue": "2664000000", "costOfRevenue": "104000000", "costofGoodsAndServicesSold": "104000000", "operatingIncome": "762000000", "sellingGeneralAndAdministrative": "917000000", "researchAndDevelopment": "0", "operatingExpenses": "1798000000", "investmentIncomeNet": "None", "netInterestIncome": "None", "interestIncome": "None", "interestExpense": "104000000", "nonInterestIncome": "None", "otherNonOperatingIncome": "None", "depreciation": "None", "depreciationAndAmortization": "140000000", "incomeBeforeTax": "762000000", "incomeTaxExpense": "183000000", "interestAndDebtExpense": "None", "netIncomeFromContinuingOperations": "579000000", "comprehensiveIncomeNetOfTax": "None", "ebit": "762000000", "ebitda": "902000000", "netIncome": "579000000"}, {"fiscalDateEnding": "2013-03-31", "reportedCurrency": "USD", "grossProfit": "2435000000", "totalRevenue": "2546000000", "costOfRevenue": "111000000", "costofGoodsAndServicesSold": "111000000", "operatingIncome": "609000000", "sellingGeneralAndAdministrative": "1035000000", "researchAndDevelopment": "0", "operatingExpenses": "1826000000", "investmentIncomeNet": "None", "netInterestIncome": "None", "interestIncome": "None", "interestExpense": "111000000", "nonInterestIncome": "None", "otherNonOperatingIncome": "None", "depreciation": "None", "depreciationAndAmortization": "160000000", "incomeBeforeTax": "609000000", "incomeTaxExpense": "145000000", "interestAndDebtExpense": "None", "netIncomeFromContinuingOperations": "464000000", "comprehensiveIncomeNetOfTax": "None", "ebit": "609000000", "ebitda": "769000000", "netIncome": "464000000"}, {"fiscalDateEnding": "2012-12-31", "reportedCurrency": "USD", "grossProfit": "2403000000", "totalRevenue": "2510000000", "costOfRevenue": "107000000", "costofGoodsAndServicesSold": "107000000", "operatingIncome": "587000000", "sellingGeneralAndAdministrative": "218000000", "researchAndDevelopment": "0", "operatingExpenses": "1816000000", "investmentIncomeNet": "None", "netInterestIncome": "None", "interestIncome": "None", "interestExpense": "111000000", "nonInterestIncome": "None", "otherNonOperatingIncome": "None", "depreciation": "None", "depreciationAndAmortization": "32000000", "incomeBeforeTax": "587000000", "incomeTaxExpense": "117000000", "interestAndDebtExpense": "None", "netIncomeFromContinuingOperations": "0", "comprehensiveIncomeNetOfTax": "None", "ebit": "587000000", "ebitda": "619000000", "netIncome": "470000000"}, {"fiscalDateEnding": "2012-09-30", "reportedCurrency": "USD", "grossProfit": "2356000000", "totalRevenue": "2467000000", "costOfRevenue": "111000000", "costofGoodsAndServicesSold": "111000000", "operatingIncome": "941000000", "sellingGeneralAndAdministrative": "916000000", "researchAndDevelopment": "0", "operatingExpenses": "1415000000", "investmentIncomeNet": "None", "netInterestIncome": "None", "interestIncome": "None", "interestExpense": "111000000", "nonInterestIncome": "None", "otherNonOperatingIncome": "None", "depreciation": "None", "depreciationAndAmortization": "120000000", "incomeBeforeTax": "941000000", "incomeTaxExpense": "267000000", "interestAndDebtExpense": "None", "netIncomeFromContinuingOperations": "0", "comprehensiveIncomeNetOfTax": "None", "ebit": "941000000", "ebitda": "1061000000", "netIncome": "674000000"}, {"fiscalDateEnding": "2012-06-30", "reportedCurrency": "USD", "grossProfit": "2424000000", "totalRevenue": "2537000000", "costOfRevenue": "113000000", "costofGoodsAndServicesSold": "113000000", "operatingIncome": "652000000", "sellingGeneralAndAdministrative": "942000000", "researchAndDevelopment": "0", "operatingExpenses": "1772000000", "investmentIncomeNet": "None", "netInterestIncome": "None", "interestIncome": "None", "interestExpense": "114000000", "nonInterestIncome": "None", "otherNonOperatingIncome": "None", "depreciation": "None", "depreciationAndAmortization": "91000000", "incomeBeforeTax": "652000000", "incomeTaxExpense": "162000000", "interestAndDebtExpense": "None", "netIncomeFromContinuingOperations": "0", "comprehensiveIncomeNetOfTax": "None", "ebit": "652000000", "ebitda": "743000000", "netIncome": "490000000"}, {"fiscalDateEnding": "2012-03-31", "reportedCurrency": "USD", "grossProfit": "2421000000", "totalRevenue": "2561000000", "costOfRevenue": "140000000", "costofGoodsAndServicesSold": "140000000", "operatingIncome": "586000000", "sellingGeneralAndAdministrative": "1064000000", "researchAndDevelopment": "0", "operatingExpenses": "1835000000", "investmentIncomeNet": "None", "netInterestIncome": "None", "interestIncome": "None", "interestExpense": "140000000", "nonInterestIncome": "None", "otherNonOperatingIncome": "None", "depreciation": "None", "depreciationAndAmortization": "106000000", "incomeBeforeTax": "586000000", "incomeTaxExpense": "159000000", "interestAndDebtExpense": "None", "netIncomeFromContinuingOperations": "0", "comprehensiveIncomeNetOfTax": "None", "ebit": "586000000", "ebitda": "692000000", "netIncome": "427000000"}, {"fiscalDateEnding": "2011-12-31", "reportedCurrency": "USD", "grossProfit": "2187000000", "totalRevenue": "2345000000", "costOfRevenue": "158000000", "costofGoodsAndServicesSold": "158000000", "operatingIncome": "532000000", "sellingGeneralAndAdministrative": "262000000", "researchAndDevelopment": "0", "operatingExpenses": "1655000000", "investmentIncomeNet": "None", "netInterestIncome": "None", "interestIncome": "None", "interestExpense": "159000000", "nonInterestIncome": "None", "otherNonOperatingIncome": "None", "depreciation": "None", "depreciationAndAmortization": "115000000", "incomeBeforeTax": "532000000", "incomeTaxExpense": "151000000", "interestAndDebtExpense": "None", "netIncomeFromContinuingOperations": "0", "comprehensiveIncomeNetOfTax": "None", "ebit": "532000000", "ebitda": "647000000", "netIncome": "381000000"}, {"fiscalDateEnding": "2011-09-30", "reportedCurrency": "USD", "grossProfit": "2452000000", "totalRevenue": "2602000000", "costOfRevenue": "150000000", "costofGoodsAndServicesSold": "150000000", "operatingIncome": "629000000", "sellingGeneralAndAdministrative": "1336000000", "researchAndDevelopment": "0", "operatingExpenses": "1823000000", "investmentIncomeNet": "None", "netInterestIncome": "None", "interestIncome": "None", "interestExpense": "150000000", "nonInterestIncome": "None", "otherNonOperatingIncome": "None", "depreciation": "None", "depreciationAndAmortization": "96000000", "incomeBeforeTax": "629000000", "incomeTaxExpense": "74000000", "interestAndDebtExpense": "None", "netIncomeFromContinuingOperations": "555000000", "comprehensiveIncomeNetOfTax": "None", "ebit": "629000000", "ebitda": "725000000", "netIncome": "555000000"}, {"fiscalDateEnding": "2011-06-30", "reportedCurrency": "USD", "grossProfit": "2564000000", "totalRevenue": "2709000000", "costOfRevenue": "145000000", "costofGoodsAndServicesSold": "145000000", "operatingIncome": "715000000", "sellingGeneralAndAdministrative": "1401000000", "researchAndDevelopment": "0", "operatingExpenses": "1849000000", "investmentIncomeNet": "None", "netInterestIncome": "None", "interestIncome": "None", "interestExpense": "147000000", "nonInterestIncome": "None", "otherNonOperatingIncome": "None", "depreciation": "None", "depreciationAndAmortization": "110000000", "incomeBeforeTax": "715000000", "incomeTaxExpense": "202000000", "interestAndDebtExpense": "None", "netIncomeFromContinuingOperations": "513000000", "comprehensiveIncomeNetOfTax": "None", "ebit": "715000000", "ebitda": "825000000", "netIncome": "513000000"}, {"fiscalDateEnding": "2011-03-31", "reportedCurrency": "USD", "grossProfit": "2362000000", "totalRevenue": "2518000000", "costOfRevenue": "156000000", "costofGoodsAndServicesSold": "156000000", "operatingIncome": "660000000", "sellingGeneralAndAdministrative": "1165000000", "researchAndDevelopment": "0", "operatingExpenses": "1702000000", "investmentIncomeNet": "None", "netInterestIncome": "None", "interestIncome": "None", "interestExpense": "157000000", "nonInterestIncome": "None", "otherNonOperatingIncome": "None", "depreciation": "None", "depreciationAndAmortization": "59000000", "incomeBeforeTax": "660000000", "incomeTaxExpense": "189000000", "interestAndDebtExpense": "None", "netIncomeFromContinuingOperations": "471000000", "comprehensiveIncomeNetOfTax": "None", "ebit": "660000000", "ebitda": "719000000", "netIncome": "471000000"}, {"fiscalDateEnding": "2010-12-31", "reportedCurrency": "USD", "grossProfit": "2844000000", "totalRevenue": "2221000000", "costOfRevenue": "-623000000", "costofGoodsAndServicesSold": "-623000000", "operatingIncome": "252000000", "sellingGeneralAndAdministrative": "69000000", "researchAndDevelopment": "0", "operatingExpenses": "2592000000", "investmentIncomeNet": "None", "netInterestIncome": "None", "interestIncome": "None", "interestExpense": "622000000", "nonInterestIncome": "None", "otherNonOperatingIncome": "None", "depreciation": "None", "depreciationAndAmortization": "-207000000", "incomeBeforeTax": "252000000", "incomeTaxExpense": "169000000", "interestAndDebtExpense": "None", "netIncomeFromContinuingOperations": "0", "comprehensiveIncomeNetOfTax": "None", "ebit": "252000000", "ebitda": "45000000", "netIncome": "83000000"}, {"fiscalDateEnding": "2010-09-30", "reportedCurrency": "USD", "grossProfit": "2458000000", "totalRevenue": "2639000000", "costOfRevenue": "181000000", "costofGoodsAndServicesSold": "181000000", "operatingIncome": "782000000", "sellingGeneralAndAdministrative": "1203000000", "researchAndDevelopment": "0", "operatingExpenses": "1676000000", "investmentIncomeNet": "None", "netInterestIncome": "None", "interestIncome": "None", "interestExpense": "180000000", "nonInterestIncome": "None", "otherNonOperatingIncome": "None", "depreciation": "None", "depreciationAndAmortization": "-59000000", "incomeBeforeTax": "782000000", "incomeTaxExpense": "236000000", "interestAndDebtExpense": "None", "netIncomeFromContinuingOperations": "0", "comprehensiveIncomeNetOfTax": "None", "ebit": "782000000", "ebitda": "723000000", "netIncome": "546000000"}, {"fiscalDateEnding": "2010-06-30", "reportedCurrency": "USD", "grossProfit": "2534000000", "totalRevenue": "2732000000", "costOfRevenue": "198000000", "costofGoodsAndServicesSold": "198000000", "operatingIncome": "350000000", "sellingGeneralAndAdministrative": "1187000000", "researchAndDevelopment": "0", "operatingExpenses": "2184000000", "investmentIncomeNet": "None", "netInterestIncome": "None", "interestIncome": "None", "interestExpense": "188000000", "nonInterestIncome": "None", "otherNonOperatingIncome": "None", "depreciation": "None", "depreciationAndAmortization": "-55000000", "incomeBeforeTax": "350000000", "incomeTaxExpense": "-82000000", "interestAndDebtExpense": "None", "netIncomeFromContinuingOperations": "0", "comprehensiveIncomeNetOfTax": "None", "ebit": "350000000", "ebitda": "295000000", "netIncome": "432000000"}, {"fiscalDateEnding": "2010-03-31", "reportedCurrency": "USD", "grossProfit": "2551000000", "totalRevenue": "2753000000", "costOfRevenue": "202000000", "costofGoodsAndServicesSold": "202000000", "operatingIncome": "702000000", "sellingGeneralAndAdministrative": "1050000000", "researchAndDevelopment": "0", "operatingExpenses": "1849000000", "investmentIncomeNet": "None", "netInterestIncome": "None", "interestIncome": "None", "interestExpense": "217000000", "nonInterestIncome": "None", "otherNonOperatingIncome": "None", "depreciation": "None", "depreciationAndAmortization": "-114000000", "incomeBeforeTax": "702000000", "incomeTaxExpense": "207000000", "interestAndDebtExpense": "None", "netIncomeFromContinuingOperations": "0", "comprehensiveIncomeNetOfTax": "None", "ebit": "702000000", "ebitda": "588000000", "netIncome": "495000000"}, {"fiscalDateEnding": "2009-12-31", "reportedCurrency": "USD", "grossProfit": "2280000000", "totalRevenue": "2460000000", "costOfRevenue": "180000000", "costofGoodsAndServicesSold": "180000000", "operatingIncome": "680000000", "sellingGeneralAndAdministrative": "127000000", "researchAndDevelopment": "0", "operatingExpenses": "1600000000", "investmentIncomeNet": "None", "netInterestIncome": "None", "interestIncome": "None", "interestExpense": "180000000", "nonInterestIncome": "None", "otherNonOperatingIncome": "None", "depreciation": "None", "depreciationAndAmortization": "347000000", "incomeBeforeTax": "680000000", "incomeTaxExpense": "182000000", "interestAndDebtExpense": "None", "netIncomeFromContinuingOperations": "0", "comprehensiveIncomeNetOfTax": "None", "ebit": "680000000", "ebitda": "1027000000", "netIncome": "498000000"}, {"fiscalDateEnding": "2009-09-30", "reportedCurrency": "USD", "grossProfit": "1963000000", "totalRevenue": "2411000000", "costOfRevenue": "448000000", "costofGoodsAndServicesSold": "448000000", "operatingIncome": "487000000", "sellingGeneralAndAdministrative": "1132000000", "researchAndDevelopment": "0", "operatingExpenses": "1476000000", "investmentIncomeNet": "None", "netInterestIncome": "None", "interestIncome": "None", "interestExpense": "432000000", "nonInterestIncome": "None", "otherNonOperatingIncome": "None", "depreciation": "None", "depreciationAndAmortization": "36000000", "incomeBeforeTax": "487000000", "incomeTaxExpense": "160000000", "interestAndDebtExpense": "None", "netIncomeFromContinuingOperations": "0", "comprehensiveIncomeNetOfTax": "None", "ebit": "487000000", "ebitda": "523000000", "netIncome": "327000000"}, {"fiscalDateEnding": "2009-06-30", "reportedCurrency": "USD", "grossProfit": "3676000000", "totalRevenue": "3883000000", "costOfRevenue": "207000000", "costofGoodsAndServicesSold": "207000000", "operatingIncome": "744000000", "sellingGeneralAndAdministrative": "1009000000", "researchAndDevelopment": "0", "operatingExpenses": "2932000000", "investmentIncomeNet": "None", "netInterestIncome": "None", "interestIncome": "None", "interestExpense": "193000000", "nonInterestIncome": "None", "otherNonOperatingIncome": "None", "depreciation": "None", "depreciationAndAmortization": "34000000", "incomeBeforeTax": "744000000", "incomeTaxExpense": "242000000", "interestAndDebtExpense": "None", "netIncomeFromContinuingOperations": "0", "comprehensiveIncomeNetOfTax": "None", "ebit": "744000000", "ebitda": "778000000", "netIncome": "-3182000000"}, {"fiscalDateEnding": "2009-03-31", "reportedCurrency": "USD", "grossProfit": "1931000000", "totalRevenue": "2189000000", "costOfRevenue": "258000000", "costofGoodsAndServicesSold": "258000000", "operatingIncome": "614000000", "sellingGeneralAndAdministrative": "1023000000", "researchAndDevelopment": "0", "operatingExpenses": "1317000000", "investmentIncomeNet": "None", "netInterestIncome": "None", "interestIncome": "None", "interestExpense": "174000000", "nonInterestIncome": "None", "otherNonOperatingIncome": "None", "depreciation": "None", "depreciationAndAmortization": "-23000000", "incomeBeforeTax": "614000000", "incomeTaxExpense": "138000000", "interestAndDebtExpense": "None", "netIncomeFromContinuingOperations": "0", "comprehensiveIncomeNetOfTax": "None", "ebit": "614000000", "ebitda": "591000000", "netIncome": "476000000"}, {"fiscalDateEnding": "2008-12-31", "reportedCurrency": "USD", "grossProfit": "2023000000", "totalRevenue": "2607000000", "costOfRevenue": "584000000", "costofGoodsAndServicesSold": "584000000", "operatingIncome": "362000000", "sellingGeneralAndAdministrative": "698000000", "researchAndDevelopment": "0", "operatingExpenses": "1661000000", "investmentIncomeNet": "None", "netInterestIncome": "None", "interestIncome": "None", "interestExpense": "584000000", "nonInterestIncome": "None", "otherNonOperatingIncome": "None", "depreciation": "None", "depreciationAndAmortization": "-745000000", "incomeBeforeTax": "362000000", "incomeTaxExpense": "106000000", "interestAndDebtExpense": "None", "netIncomeFromContinuingOperations": "0", "comprehensiveIncomeNetOfTax": "None", "ebit": "362000000", "ebitda": "-383000000", "netIncome": "256000000"}, {"fiscalDateEnding": "2008-09-30", "reportedCurrency": "USD", "grossProfit": "2771000000", "totalRevenue": "3273000000", "costOfRevenue": "502000000", "costofGoodsAndServicesSold": "502000000", "operatingIncome": "846000000", "sellingGeneralAndAdministrative": "1338000000", "researchAndDevelopment": "0", "operatingExpenses": "1925000000", "investmentIncomeNet": "None", "netInterestIncome": "None", "interestIncome": "None", "interestExpense": "502000000", "nonInterestIncome": "None", "otherNonOperatingIncome": "None", "depreciation": "None", "depreciationAndAmortization": "132000000", "incomeBeforeTax": "846000000", "incomeTaxExpense": "369000000", "interestAndDebtExpense": "None", "netIncomeFromContinuingOperations": "0", "comprehensiveIncomeNetOfTax": "None", "ebit": "846000000", "ebitda": "978000000", "netIncome": "477000000"}, {"fiscalDateEnding": "2008-06-30", "reportedCurrency": "USD", "grossProfit": "2672000000", "totalRevenue": "3152000000", "costOfRevenue": "480000000", "costofGoodsAndServicesSold": "480000000", "operatingIncome": "831000000", "sellingGeneralAndAdministrative": "1396000000", "researchAndDevelopment": "0", "operatingExpenses": "1841000000", "investmentIncomeNet": "None", "netInterestIncome": "None", "interestIncome": "None", "interestExpense": "480000000", "nonInterestIncome": "None", "otherNonOperatingIncome": "None", "depreciation": "None", "depreciationAndAmortization": "159000000", "incomeBeforeTax": "831000000", "incomeTaxExpense": "283000000", "interestAndDebtExpense": "None", "netIncomeFromContinuingOperations": "0", "comprehensiveIncomeNetOfTax": "None", "ebit": "831000000", "ebitda": "990000000", "netIncome": "548000000"}, {"fiscalDateEnding": "2008-03-31", "reportedCurrency": "USD", "grossProfit": "2577000000", "totalRevenue": "3240000000", "costOfRevenue": "663000000", "costofGoodsAndServicesSold": "663000000", "operatingIncome": "803000000", "sellingGeneralAndAdministrative": "1062000000", "researchAndDevelopment": "0", "operatingExpenses": "1774000000", "investmentIncomeNet": "None", "netInterestIncome": "None", "interestIncome": "None", "interestExpense": "663000000", "nonInterestIncome": "None", "otherNonOperatingIncome": "None", "depreciation": "None", "depreciationAndAmortization": "172000000", "incomeBeforeTax": "803000000", "incomeTaxExpense": "273000000", "interestAndDebtExpense": "None", "netIncomeFromContinuingOperations": "0", "comprehensiveIncomeNetOfTax": "None", "ebit": "803000000", "ebitda": "975000000", "netIncome": "530000000"}, {"fiscalDateEnding": "2007-12-31", "reportedCurrency": "USD", "grossProfit": "2479000000", "totalRevenue": "3377000000", "costOfRevenue": "898000000", "costofGoodsAndServicesSold": "898000000", "operatingIncome": "306000000", "sellingGeneralAndAdministrative": "793000000", "researchAndDevelopment": "0", "operatingExpenses": "2173000000", "investmentIncomeNet": "None", "netInterestIncome": "None", "interestIncome": "None", "interestExpense": "898000000", "nonInterestIncome": "None", "otherNonOperatingIncome": "None", "depreciation": "None", "depreciationAndAmortization": "-230000000", "incomeBeforeTax": "306000000", "incomeTaxExpense": "83000000", "interestAndDebtExpense": "None", "netIncomeFromContinuingOperations": "0", "comprehensiveIncomeNetOfTax": "None", "ebit": "306000000", "ebitda": "76000000", "netIncome": "223000000"}, {"fiscalDateEnding": "2007-09-30", "reportedCurrency": "USD", "grossProfit": "2240000000", "totalRevenue": "3159000000", "costOfRevenue": "919000000", "costofGoodsAndServicesSold": "919000000", "operatingIncome": "551000000", "sellingGeneralAndAdministrative": "916000000", "researchAndDevelopment": "0", "operatingExpenses": "1689000000", "investmentIncomeNet": "None", "netInterestIncome": "None", "interestIncome": "None", "interestExpense": "919000000", "nonInterestIncome": "None", "otherNonOperatingIncome": "None", "depreciation": "None", "depreciationAndAmortization": "227000000", "incomeBeforeTax": "551000000", "incomeTaxExpense": "193000000", "interestAndDebtExpense": "None", "netIncomeFromContinuingOperations": "0", "comprehensiveIncomeNetOfTax": "None", "ebit": "1243000000", "ebitda": "551000000", "netIncome": "358000000"}, {"fiscalDateEnding": "2007-06-30", "reportedCurrency": "USD", "grossProfit": "1921000000", "totalRevenue": "2739000000", "costOfRevenue": "818000000", "costofGoodsAndServicesSold": "818000000", "operatingIncome": "563000000", "sellingGeneralAndAdministrative": "1077000000", "researchAndDevelopment": "0", "operatingExpenses": "1358000000", "investmentIncomeNet": "None", "netInterestIncome": "None", "interestIncome": "None", "interestExpense": "818000000", "nonInterestIncome": "None", "otherNonOperatingIncome": "None", "depreciation": "None", "depreciationAndAmortization": "255000000", "incomeBeforeTax": "563000000", "incomeTaxExpense": "197000000", "interestAndDebtExpense": "None", "netIncomeFromContinuingOperations": "0", "comprehensiveIncomeNetOfTax": "None", "ebit": "1126000000", "ebitda": "563000000", "netIncome": "366000000"}, {"fiscalDateEnding": "2007-03-31", "reportedCurrency": "USD", "grossProfit": "1696000000", "totalRevenue": "2543000000", "costOfRevenue": "847000000", "costofGoodsAndServicesSold": "847000000", "operatingIncome": "483000000", "sellingGeneralAndAdministrative": "739000000", "researchAndDevelopment": "0", "operatingExpenses": "1213000000", "investmentIncomeNet": "None", "netInterestIncome": "None", "interestIncome": "None", "interestExpense": "847000000", "nonInterestIncome": "None", "otherNonOperatingIncome": "None", "depreciation": "None", "depreciationAndAmortization": "190000000", "incomeBeforeTax": "483000000", "incomeTaxExpense": "169000000", "interestAndDebtExpense": "None", "netIncomeFromContinuingOperations": "0", "comprehensiveIncomeNetOfTax": "None", "ebit": "483000000", "ebitda": "673000000", "netIncome": "314000000"}, {"fiscalDateEnding": "2006-12-31", "reportedCurrency": "USD", "grossProfit": "1622000000", "totalRevenue": "2532000000", "costOfRevenue": "910000000", "costofGoodsAndServicesSold": "910000000", "operatingIncome": "444000000", "sellingGeneralAndAdministrative": "694000000", "researchAndDevelopment": "0", "operatingExpenses": "1178000000", "investmentIncomeNet": "None", "netInterestIncome": "None", "interestIncome": "None", "interestExpense": "910000000", "nonInterestIncome": "None", "otherNonOperatingIncome": "None", "depreciation": "None", "depreciationAndAmortization": "65000000", "incomeBeforeTax": "444000000", "incomeTaxExpense": "135000000", "interestAndDebtExpense": "None", "netIncomeFromContinuingOperations": "0", "comprehensiveIncomeNetOfTax": "None", "ebit": "444000000", "ebitda": "509000000", "netIncome": "309000000"}, {"fiscalDateEnding": "2006-09-30", "reportedCurrency": "USD", "grossProfit": "1515000000", "totalRevenue": "2352000000", "costOfRevenue": "837000000", "costofGoodsAndServicesSold": "837000000", "operatingIncome": "425000000", "sellingGeneralAndAdministrative": "639000000", "researchAndDevelopment": "0", "operatingExpenses": "1090000000", "investmentIncomeNet": "None", "netInterestIncome": "None", "interestIncome": "None", "interestExpense": "837000000", "nonInterestIncome": "None", "otherNonOperatingIncome": "None", "depreciation": "None", "depreciationAndAmortization": "83000000", "incomeBeforeTax": "425000000", "incomeTaxExpense": "147000000", "interestAndDebtExpense": "None", "netIncomeFromContinuingOperations": "0", "comprehensiveIncomeNetOfTax": "None", "ebit": "425000000", "ebitda": "508000000", "netIncome": "278000000"}, {"fiscalDateEnding": "2006-06-30", "reportedCurrency": "USD", "grossProfit": "1651000000", "totalRevenue": "2423000000", "costOfRevenue": "772000000", "costofGoodsAndServicesSold": "772000000", "operatingIncome": "475000000", "sellingGeneralAndAdministrative": "947000000", "researchAndDevelopment": "0", "operatingExpenses": "1176000000", "investmentIncomeNet": "None", "netInterestIncome": "None", "interestIncome": "None", "interestExpense": "772000000", "nonInterestIncome": "None", "otherNonOperatingIncome": "None", "depreciation": "None", "depreciationAndAmortization": "129000000", "incomeBeforeTax": "475000000", "incomeTaxExpense": "248000000", "interestAndDebtExpense": "None", "netIncomeFromContinuingOperations": "0", "comprehensiveIncomeNetOfTax": "None", "ebit": "475000000", "ebitda": "604000000", "netIncome": "227000000"}, {"fiscalDateEnding": "2006-03-31", "reportedCurrency": "USD", "grossProfit": "1523000000", "totalRevenue": "2218000000", "costOfRevenue": "695000000", "costofGoodsAndServicesSold": "695000000", "operatingIncome": "427000000", "sellingGeneralAndAdministrative": "635000000", "researchAndDevelopment": "0", "operatingExpenses": "1096000000", "investmentIncomeNet": "None", "netInterestIncome": "None", "interestIncome": "None", "interestExpense": "695000000", "nonInterestIncome": "None", "otherNonOperatingIncome": "None", "depreciation": "None", "depreciationAndAmortization": "108000000", "incomeBeforeTax": "427000000", "incomeTaxExpense": "145000000", "interestAndDebtExpense": "None", "netIncomeFromContinuingOperations": "0", "comprehensiveIncomeNetOfTax": "None", "ebit": "427000000", "ebitda": "535000000", "netIncome": "292000000"}, {"fiscalDateEnding": "2005-12-31", "reportedCurrency": "USD", "grossProfit": "1416000000", "totalRevenue": "2035000000", "costOfRevenue": "619000000", "costofGoodsAndServicesSold": "619000000", "operatingIncome": "377000000", "sellingGeneralAndAdministrative": "589000000", "researchAndDevelopment": "0", "operatingExpenses": "1039000000", "investmentIncomeNet": "None", "netInterestIncome": "None", "interestIncome": "None", "interestExpense": "619000000", "nonInterestIncome": "None", "otherNonOperatingIncome": "None", "depreciation": "None", "depreciationAndAmortization": "154000000", "incomeBeforeTax": "377000000", "incomeTaxExpense": "128000000", "interestAndDebtExpense": "None", "netIncomeFromContinuingOperations": "0", "comprehensiveIncomeNetOfTax": "None", "ebit": "377000000", "ebitda": "531000000", "netIncome": "133000000"}]}