{"symbol": "GD", "annualReports": [{"fiscalDateEnding": "2025-12-31", "reportedCurrency": "USD", "grossProfit": "7951000000", "totalRevenue": "52550000000", "costOfRevenue": "44599000000", "costofGoodsAndServicesSold": "44599000000", "operatingIncome": "5356000000", "sellingGeneralAndAdministrative": "2595000000", "researchAndDevelopment": "None", "operatingExpenses": "2595000000", "investmentIncomeNet": "None", "netInterestIncome": "-314000000", "interestIncome": "314000000", "interestExpense": "314000000", "nonInterestIncome": "None", "otherNonOperatingIncome": "None", "depreciation": "None", "depreciationAndAmortization": "680000000", "incomeBeforeTax": "5103000000", "incomeTaxExpense": "893000000", "interestAndDebtExpense": "None", "netIncomeFromContinuingOperations": "4210000000", "comprehensiveIncomeNetOfTax": "None", "ebit": "5417000000", "ebitda": "6097000000", "netIncome": "4210000000"}, {"fiscalDateEnding": "2024-12-31", "reportedCurrency": "USD", "grossProfit": "7364000000", "totalRevenue": "47716000000", "costOfRevenue": "40352000000", "costofGoodsAndServicesSold": "40352000000", "operatingIncome": "4796000000", "sellingGeneralAndAdministrative": "2568000000", "researchAndDevelopment": "565000000", "operatingExpenses": "2568000000", "investmentIncomeNet": "None", "netInterestIncome": "-324000000", "interestIncome": "69000000", "interestExpense": "393000000", "nonInterestIncome": "None", "otherNonOperatingIncome": "None", "depreciation": "None", "depreciationAndAmortization": "886000000", "incomeBeforeTax": "4540000000", "incomeTaxExpense": "758000000", "interestAndDebtExpense": "None", "netIncomeFromContinuingOperations": "3782000000", "comprehensiveIncomeNetOfTax": "None", "ebit": "4933000000", "ebitda": "5819000000", "netIncome": "3782000000"}, {"fiscalDateEnding": "2023-12-31", "reportedCurrency": "USD", "grossProfit": "4245000000", "totalRevenue": "42272000000", "costOfRevenue": "38027000000", "costofGoodsAndServicesSold": "38027000000", "operatingIncome": "4245000000", "sellingGeneralAndAdministrative": "2427000000", "researchAndDevelopment": "510000000", "operatingExpenses": "38027000000", "investmentIncomeNet": "None", "netInterestIncome": "-343000000", "interestIncome": "56000000", "interestExpense": "399000000", "nonInterestIncome": "None", "otherNonOperatingIncome": "None", "depreciation": "None", "depreciationAndAmortization": "863000000", "incomeBeforeTax": "3984000000", "incomeTaxExpense": "-669000000", "interestAndDebtExpense": "None", "netIncomeFromContinuingOperations": "3315000000", "comprehensiveIncomeNetOfTax": "None", "ebit": "4245000000", "ebitda": "4245000000", "netIncome": "3315000000"}, {"fiscalDateEnding": "2022-12-31", "reportedCurrency": "USD", "grossProfit": "6622000000", "totalRevenue": "39407000000", "costOfRevenue": "32785000000", "costofGoodsAndServicesSold": "32785000000", "operatingIncome": "4211000000", "sellingGeneralAndAdministrative": "2411000000", "researchAndDevelopment": "480000000", "operatingExpenses": "2411000000", "investmentIncomeNet": "None", "netInterestIncome": "-364000000", "interestIncome": "364000000", "interestExpense": "391000000", "nonInterestIncome": "None", "otherNonOperatingIncome": "189000000", "depreciation": "None", "depreciationAndAmortization": "884000000", "incomeBeforeTax": "4036000000", "incomeTaxExpense": "646000000", "interestAndDebtExpense": "None", "netIncomeFromContinuingOperations": "3390000000", "comprehensiveIncomeNetOfTax": "None", "ebit": "4427000000", "ebitda": "5311000000", "netIncome": "3390000000"}, {"fiscalDateEnding": "2021-12-31", "reportedCurrency": "USD", "grossProfit": "6408000000", "totalRevenue": "38469000000", "costOfRevenue": "32061000000", "costofGoodsAndServicesSold": "32061000000", "operatingIncome": "4163000000", "sellingGeneralAndAdministrative": "2245000000", "researchAndDevelopment": "415000000", "operatingExpenses": "2245000000", "investmentIncomeNet": "None", "netInterestIncome": "-424000000", "interestIncome": "424000000", "interestExpense": "431000000", "nonInterestIncome": "None", "otherNonOperatingIncome": "134000000", "depreciation": "None", "depreciationAndAmortization": "890000000", "incomeBeforeTax": "3873000000", "incomeTaxExpense": "616000000", "interestAndDebtExpense": "None", "netIncomeFromContinuingOperations": "3257000000", "comprehensiveIncomeNetOfTax": "None", "ebit": "4304000000", "ebitda": "5194000000", "netIncome": "3257000000"}, {"fiscalDateEnding": "2020-12-31", "reportedCurrency": "USD", "grossProfit": "6325000000", "totalRevenue": "37925000000", "costOfRevenue": "31600000000", "costofGoodsAndServicesSold": "31600000000", "operatingIncome": "4133000000", "sellingGeneralAndAdministrative": "2192000000", "researchAndDevelopment": "374000000", "operatingExpenses": "2192000000", "investmentIncomeNet": "None", "netInterestIncome": "-477000000", "interestIncome": "477000000", "interestExpense": "489000000", "nonInterestIncome": "None", "otherNonOperatingIncome": "82000000", "depreciation": "None", "depreciationAndAmortization": "878000000", "incomeBeforeTax": "3738000000", "incomeTaxExpense": "571000000", "interestAndDebtExpense": "None", "netIncomeFromContinuingOperations": "3167000000", "comprehensiveIncomeNetOfTax": "None", "ebit": "4227000000", "ebitda": "5105000000", "netIncome": "3167000000"}, {"fiscalDateEnding": "2019-12-31", "reportedCurrency": "USD", "grossProfit": "6987000000", "totalRevenue": "39350000000", "costOfRevenue": "32363000000", "costofGoodsAndServicesSold": "32363000000", "operatingIncome": "4570000000", "sellingGeneralAndAdministrative": "2417000000", "researchAndDevelopment": "466000000", "operatingExpenses": "2417000000", "investmentIncomeNet": "None", "netInterestIncome": "-460000000", "interestIncome": "12000000", "interestExpense": "472000000", "nonInterestIncome": "None", "otherNonOperatingIncome": "14000000", "depreciation": "None", "depreciationAndAmortization": "829000000", "incomeBeforeTax": "4202000000", "incomeTaxExpense": "718000000", "interestAndDebtExpense": "None", "netIncomeFromContinuingOperations": "3484000000", "comprehensiveIncomeNetOfTax": "None", "ebit": "4674000000", "ebitda": "5503000000", "netIncome": "3484000000"}, {"fiscalDateEnding": "2018-12-31", "reportedCurrency": "USD", "grossProfit": "6657000000", "totalRevenue": "36193000000", "costOfRevenue": "29536000000", "costofGoodsAndServicesSold": "29536000000", "operatingIncome": "4394000000", "sellingGeneralAndAdministrative": "2263000000", "researchAndDevelopment": "502000000", "operatingExpenses": "2263000000", "investmentIncomeNet": "None", "netInterestIncome": "-356000000", "interestIncome": "18000000", "interestExpense": "374000000", "nonInterestIncome": "None", "otherNonOperatingIncome": "-16000000", "depreciation": "None", "depreciationAndAmortization": "763000000", "incomeBeforeTax": "4085000000", "incomeTaxExpense": "727000000", "interestAndDebtExpense": "None", "netIncomeFromContinuingOperations": "3358000000", "comprehensiveIncomeNetOfTax": "None", "ebit": "4459000000", "ebitda": "5222000000", "netIncome": "3345000000"}, {"fiscalDateEnding": "2017-12-31", "reportedCurrency": "USD", "grossProfit": "6242000000", "totalRevenue": "30973000000", "costOfRevenue": "24731000000", "costofGoodsAndServicesSold": "24731000000", "operatingIncome": "4236000000", "sellingGeneralAndAdministrative": "2006000000", "researchAndDevelopment": "521000000", "operatingExpenses": "2006000000", "investmentIncomeNet": "None", "netInterestIncome": "-103000000", "interestIncome": "14000000", "interestExpense": "117000000", "nonInterestIncome": "None", "otherNonOperatingIncome": "3000000", "depreciation": "None", "depreciationAndAmortization": "441000000", "incomeBeforeTax": "4077000000", "incomeTaxExpense": "1165000000", "interestAndDebtExpense": "None", "netIncomeFromContinuingOperations": "2912000000", "comprehensiveIncomeNetOfTax": "None", "ebit": "4194000000", "ebitda": "4635000000", "netIncome": "2912000000"}, {"fiscalDateEnding": "2016-12-31", "reportedCurrency": "USD", "grossProfit": "5665000000", "totalRevenue": "30561000000", "costOfRevenue": "24896000000", "costofGoodsAndServicesSold": "24896000000", "operatingIncome": "3744000000", "sellingGeneralAndAdministrative": "1921000000", "researchAndDevelopment": "418000000", "operatingExpenses": "1921000000", "investmentIncomeNet": "None", "netInterestIncome": "-91000000", "interestIncome": "8000000", "interestExpense": "99000000", "nonInterestIncome": "None", "otherNonOperatingIncome": "13000000", "depreciation": "None", "depreciationAndAmortization": "453000000", "incomeBeforeTax": "3656000000", "incomeTaxExpense": "977000000", "interestAndDebtExpense": "None", "netIncomeFromContinuingOperations": "3062000000", "comprehensiveIncomeNetOfTax": "None", "ebit": "3755000000", "ebitda": "4208000000", "netIncome": "2572000000"}, {"fiscalDateEnding": "2015-12-31", "reportedCurrency": "USD", "grossProfit": "6232000000", "totalRevenue": "31781000000", "costOfRevenue": "25549000000", "costofGoodsAndServicesSold": "25549000000", "operatingIncome": "4295000000", "sellingGeneralAndAdministrative": "1937000000", "researchAndDevelopment": "395000000", "operatingExpenses": "1937000000", "investmentIncomeNet": "None", "netInterestIncome": "None", "interestIncome": "83000000", "interestExpense": "98000000", "nonInterestIncome": "None", "otherNonOperatingIncome": "7000000", "depreciation": "None", "depreciationAndAmortization": "482000000", "incomeBeforeTax": "4219000000", "incomeTaxExpense": "1183000000", "interestAndDebtExpense": "None", "netIncomeFromContinuingOperations": "3036000000", "comprehensiveIncomeNetOfTax": "None", "ebit": "4316000000", "ebitda": "4798000000", "netIncome": "3036000000"}, {"fiscalDateEnding": "2014-12-31", "reportedCurrency": "USD", "grossProfit": "5873000000", "totalRevenue": "30852000000", "costOfRevenue": "24979000000", "costofGoodsAndServicesSold": "24979000000", "operatingIncome": "3889000000", "sellingGeneralAndAdministrative": "1984000000", "researchAndDevelopment": "358000000", "operatingExpenses": "1984000000", "investmentIncomeNet": "None", "netInterestIncome": "None", "interestIncome": "None", "interestExpense": "103000000", "nonInterestIncome": "None", "otherNonOperatingIncome": "-1000000", "depreciation": "None", "depreciationAndAmortization": "496000000", "incomeBeforeTax": "3802000000", "incomeTaxExpense": "1129000000", "interestAndDebtExpense": "None", "netIncomeFromContinuingOperations": "2673000000", "comprehensiveIncomeNetOfTax": "None", "ebit": "3905000000", "ebitda": "4401000000", "netIncome": "2533000000"}, {"fiscalDateEnding": "2013-12-31", "reportedCurrency": "USD", "grossProfit": "5728000000", "totalRevenue": "30930000000", "costOfRevenue": "25202000000", "costofGoodsAndServicesSold": "25202000000", "operatingIncome": "3689000000", "sellingGeneralAndAdministrative": "2039000000", "researchAndDevelopment": "310000000", "operatingExpenses": "2039000000", "investmentIncomeNet": "None", "netInterestIncome": "None", "interestIncome": "None", "interestExpense": "103000000", "nonInterestIncome": "None", "otherNonOperatingIncome": "8000000", "depreciation": "None", "depreciationAndAmortization": "556000000", "incomeBeforeTax": "3607000000", "incomeTaxExpense": "1121000000", "interestAndDebtExpense": "None", "netIncomeFromContinuingOperations": "2486000000", "comprehensiveIncomeNetOfTax": "None", "ebit": "3683000000", "ebitda": "4239000000", "netIncome": "2357000000"}, {"fiscalDateEnding": "2012-12-31", "reportedCurrency": "USD", "grossProfit": "4980000000", "totalRevenue": "30992000000", "costOfRevenue": "26012000000", "costofGoodsAndServicesSold": "26012000000", "operatingIncome": "765000000", "sellingGeneralAndAdministrative": "2221000000", "researchAndDevelopment": "374000000", "operatingExpenses": "4215000000", "investmentIncomeNet": "None", "netInterestIncome": "None", "interestIncome": "None", "interestExpense": "168000000", "nonInterestIncome": "None", "otherNonOperatingIncome": "-136000000", "depreciation": "None", "depreciationAndAmortization": "620000000", "incomeBeforeTax": "473000000", "incomeTaxExpense": "854000000", "interestAndDebtExpense": "None", "netIncomeFromContinuingOperations": "-332000000", "comprehensiveIncomeNetOfTax": "None", "ebit": "611000000", "ebitda": "1231000000", "netIncome": "-332000000"}, {"fiscalDateEnding": "2011-12-31", "reportedCurrency": "USD", "grossProfit": "5856000000", "totalRevenue": "32677000000", "costOfRevenue": "26821000000", "costofGoodsAndServicesSold": "26821000000", "operatingIncome": "3826000000", "sellingGeneralAndAdministrative": "2030000000", "researchAndDevelopment": "545000000", "operatingExpenses": "2030000000", "investmentIncomeNet": "None", "netInterestIncome": "None", "interestIncome": "None", "interestExpense": "155000000", "nonInterestIncome": "None", "otherNonOperatingIncome": "33000000", "depreciation": "None", "depreciationAndAmortization": "592000000", "incomeBeforeTax": "3718000000", "incomeTaxExpense": "1166000000", "interestAndDebtExpense": "None", "netIncomeFromContinuingOperations": "2552000000", "comprehensiveIncomeNetOfTax": "None", "ebit": "3873000000", "ebitda": "4465000000", "netIncome": "2526000000"}, {"fiscalDateEnding": "2010-12-31", "reportedCurrency": "USD", "grossProfit": "5909000000", "totalRevenue": "32466000000", "costOfRevenue": "26557000000", "costofGoodsAndServicesSold": "26557000000", "operatingIncome": "3945000000", "sellingGeneralAndAdministrative": "1964000000", "researchAndDevelopment": "508000000", "operatingExpenses": "1964000000", "investmentIncomeNet": "None", "netInterestIncome": "None", "interestIncome": "None", "interestExpense": "167000000", "nonInterestIncome": "None", "otherNonOperatingIncome": "2000000", "depreciation": "None", "depreciationAndAmortization": "569000000", "incomeBeforeTax": "3790000000", "incomeTaxExpense": "1162000000", "interestAndDebtExpense": "None", "netIncomeFromContinuingOperations": "2628000000", "comprehensiveIncomeNetOfTax": "None", "ebit": "3957000000", "ebitda": "4526000000", "netIncome": "2624000000"}, {"fiscalDateEnding": "2009-12-31", "reportedCurrency": "USD", "grossProfit": "5629000000", "totalRevenue": "31981000000", "costOfRevenue": "26352000000", "costofGoodsAndServicesSold": "26352000000", "operatingIncome": "3675000000", "sellingGeneralAndAdministrative": "1954000000", "researchAndDevelopment": "520000000", "operatingExpenses": "1954000000", "investmentIncomeNet": "None", "netInterestIncome": "None", "interestIncome": "None", "interestExpense": "171000000", "nonInterestIncome": "None", "otherNonOperatingIncome": "-2000000", "depreciation": "None", "depreciationAndAmortization": "562000000", "incomeBeforeTax": "3513000000", "incomeTaxExpense": "1106000000", "interestAndDebtExpense": "None", "netIncomeFromContinuingOperations": "2407000000", "comprehensiveIncomeNetOfTax": "None", "ebit": "3684000000", "ebitda": "4246000000", "netIncome": "2394000000"}, {"fiscalDateEnding": "2008-12-31", "reportedCurrency": "USD", "grossProfit": "5372000000", "totalRevenue": "29300000000", "costOfRevenue": "23928000000", "costofGoodsAndServicesSold": "23928000000", "operatingIncome": "3653000000", "sellingGeneralAndAdministrative": "1719000000", "researchAndDevelopment": "474000000", "operatingExpenses": "1719000000", "investmentIncomeNet": "None", "netInterestIncome": "None", "interestIncome": "None", "interestExpense": "133000000", "nonInterestIncome": "None", "otherNonOperatingIncome": "None", "depreciation": "None", "depreciationAndAmortization": "447000000", "incomeBeforeTax": "3604000000", "incomeTaxExpense": "1126000000", "interestAndDebtExpense": "None", "netIncomeFromContinuingOperations": "None", "comprehensiveIncomeNetOfTax": "None", "ebit": "3737000000", "ebitda": "4184000000", "netIncome": "2459000000"}, {"fiscalDateEnding": "2007-12-31", "reportedCurrency": "USD", "grossProfit": "3113000000", "totalRevenue": "27240000000", "costOfRevenue": "24127000000", "costofGoodsAndServicesSold": "24127000000", "operatingIncome": "3113000000", "sellingGeneralAndAdministrative": "1643000000", "researchAndDevelopment": "430000000", "operatingExpenses": "24127000000", "investmentIncomeNet": "None", "netInterestIncome": "None", "interestIncome": "None", "interestExpense": "131000000", "nonInterestIncome": "None", "otherNonOperatingIncome": "None", "depreciation": "None", "depreciationAndAmortization": "423000000", "incomeBeforeTax": "3047000000", "incomeTaxExpense": "967000000", "interestAndDebtExpense": "None", "netIncomeFromContinuingOperations": "None", "comprehensiveIncomeNetOfTax": "None", "ebit": "3178000000", "ebitda": "3601000000", "netIncome": "2072000000"}, {"fiscalDateEnding": "2006-12-31", "reportedCurrency": "USD", "grossProfit": "2625000000", "totalRevenue": "24063000000", "costOfRevenue": "21438000000", "costofGoodsAndServicesSold": "21438000000", "operatingIncome": "2625000000", "sellingGeneralAndAdministrative": "1501000000", "researchAndDevelopment": "377000000", "operatingExpenses": "21438000000", "investmentIncomeNet": "None", "netInterestIncome": "None", "interestIncome": "None", "interestExpense": "156000000", "nonInterestIncome": "None", "otherNonOperatingIncome": "None", "depreciation": "None", "depreciationAndAmortization": "384000000", "incomeBeforeTax": "2527000000", "incomeTaxExpense": "817000000", "interestAndDebtExpense": "None", "netIncomeFromContinuingOperations": "None", "comprehensiveIncomeNetOfTax": "None", "ebit": "2683000000", "ebitda": "3067000000", "netIncome": "1856000000"}], "quarterlyReports": [{"fiscalDateEnding": "2025-12-31", "reportedCurrency": "USD", "grossProfit": "2141000000", "totalRevenue": "14379000000", "costOfRevenue": "12238000000", "costofGoodsAndServicesSold": "12238000000", "operatingIncome": "1452000000", "sellingGeneralAndAdministrative": "689000000", "researchAndDevelopment": "None", "operatingExpenses": "689000000", "investmentIncomeNet": "None", "netInterestIncome": "-63000000", "interestIncome": "63000000", "interestExpense": "63000000", "nonInterestIncome": "None", "otherNonOperatingIncome": "None", "depreciation": "None", "depreciationAndAmortization": "8000000", "incomeBeforeTax": "1399000000", "incomeTaxExpense": "256000000", "interestAndDebtExpense": "None", "netIncomeFromContinuingOperations": "1143000000", "comprehensiveIncomeNetOfTax": "None", "ebit": "1513000000", "ebitda": "1521000000", "netIncome": "1143000000"}, {"fiscalDateEnding": "2025-09-30", "reportedCurrency": "USD", "grossProfit": "1968000000", "totalRevenue": "12907000000", "costOfRevenue": "10939000000", "costofGoodsAndServicesSold": "10939000000", "operatingIncome": "1331000000", "sellingGeneralAndAdministrative": "637000000", "researchAndDevelopment": "None", "operatingExpenses": "637000000", "investmentIncomeNet": "None", "netInterestIncome": "-74000000", "interestIncome": "74000000", "interestExpense": "74000000", "nonInterestIncome": "None", "otherNonOperatingIncome": "None", "depreciation": "None", "depreciationAndAmortization": "226000000", "incomeBeforeTax": "1272000000", "incomeTaxExpense": "213000000", "interestAndDebtExpense": "None", "netIncomeFromContinuingOperations": "1059000000", "comprehensiveIncomeNetOfTax": "None", "ebit": "1331000000", "ebitda": "1557000000", "netIncome": "1059000000"}, {"fiscalDateEnding": "2025-06-30", "reportedCurrency": "USD", "grossProfit": "1949000000", "totalRevenue": "13041000000", "costOfRevenue": "11092000000", "costofGoodsAndServicesSold": "11092000000", "operatingIncome": "1305000000", "sellingGeneralAndAdministrative": "644000000", "researchAndDevelopment": "None", "operatingExpenses": "644000000", "investmentIncomeNet": "None", "netInterestIncome": "-88000000", "interestIncome": "88000000", "interestExpense": "88000000", "nonInterestIncome": "None", "otherNonOperatingIncome": "None", "depreciation": "None", "depreciationAndAmortization": "223000000", "incomeBeforeTax": "1232000000", "incomeTaxExpense": "218000000", "interestAndDebtExpense": "None", "netIncomeFromContinuingOperations": "1014000000", "comprehensiveIncomeNetOfTax": "None", "ebit": "1305000000", "ebitda": "1528000000", "netIncome": "1014000000"}, {"fiscalDateEnding": "2025-03-31", "reportedCurrency": "USD", "grossProfit": "1893000000", "totalRevenue": "12223000000", "costOfRevenue": "10330000000", "costofGoodsAndServicesSold": "10330000000", "operatingIncome": "1268000000", "sellingGeneralAndAdministrative": "625000000", "researchAndDevelopment": "None", "operatingExpenses": "625000000", "investmentIncomeNet": "None", "netInterestIncome": "-89000000", "interestIncome": "89000000", "interestExpense": "89000000", "nonInterestIncome": "None", "otherNonOperatingIncome": "None", "depreciation": "None", "depreciationAndAmortization": "223000000", "incomeBeforeTax": "1200000000", "incomeTaxExpense": "206000000", "interestAndDebtExpense": "None", "netIncomeFromContinuingOperations": "994000000", "comprehensiveIncomeNetOfTax": "None", "ebit": "1268000000", "ebitda": "1491000000", "netIncome": "994000000"}, {"fiscalDateEnding": "2024-12-31", "reportedCurrency": "USD", "grossProfit": "2085000000", "totalRevenue": "13338000000", "costOfRevenue": "11253000000", "costofGoodsAndServicesSold": "11253000000", "operatingIncome": "1423000000", "sellingGeneralAndAdministrative": "662000000", "researchAndDevelopment": "565000000", "operatingExpenses": "662000000", "investmentIncomeNet": "None", "netInterestIncome": "-76000000", "interestIncome": "76000000", "interestExpense": "76000000", "nonInterestIncome": "None", "otherNonOperatingIncome": "None", "depreciation": "None", "depreciationAndAmortization": "240000000", "incomeBeforeTax": "1368000000", "incomeTaxExpense": "220000000", "interestAndDebtExpense": "None", "netIncomeFromContinuingOperations": "1148000000", "comprehensiveIncomeNetOfTax": "None", "ebit": "1560000000", "ebitda": "1800000000", "netIncome": "1148000000"}, {"fiscalDateEnding": "2024-09-30", "reportedCurrency": "USD", "grossProfit": "1816000000", "totalRevenue": "11671000000", "costOfRevenue": "9855000000", "costofGoodsAndServicesSold": "9855000000", "operatingIncome": "1181000000", "sellingGeneralAndAdministrative": "635000000", "researchAndDevelopment": "None", "operatingExpenses": "635000000", "investmentIncomeNet": "None", "netInterestIncome": "-82000000", "interestIncome": "82000000", "interestExpense": "82000000", "nonInterestIncome": "None", "otherNonOperatingIncome": "None", "depreciation": "None", "depreciationAndAmortization": "218000000", "incomeBeforeTax": "1114000000", "incomeTaxExpense": "184000000", "interestAndDebtExpense": "None", "netIncomeFromContinuingOperations": "930000000", "comprehensiveIncomeNetOfTax": "None", "ebit": "1181000000", "ebitda": "1399000000", "netIncome": "930000000"}, {"fiscalDateEnding": "2024-06-30", "reportedCurrency": "USD", "grossProfit": "1800000000", "totalRevenue": "11976000000", "costOfRevenue": "10176000000", "costofGoodsAndServicesSold": "10176000000", "operatingIncome": "1156000000", "sellingGeneralAndAdministrative": "644000000", "researchAndDevelopment": "None", "operatingExpenses": "644000000", "investmentIncomeNet": "None", "netInterestIncome": "-84000000", "interestIncome": "None", "interestExpense": "84000000", "nonInterestIncome": "None", "otherNonOperatingIncome": "None", "depreciation": "None", "depreciationAndAmortization": "217000000", "incomeBeforeTax": "1090000000", "incomeTaxExpense": "185000000", "interestAndDebtExpense": "None", "netIncomeFromContinuingOperations": "905000000", "comprehensiveIncomeNetOfTax": "None", "ebit": "1156000000", "ebitda": "1373000000", "netIncome": "905000000"}, {"fiscalDateEnding": "2024-03-31", "reportedCurrency": "USD", "grossProfit": "1663000000", "totalRevenue": "10731000000", "costOfRevenue": "9068000000", "costofGoodsAndServicesSold": "9068000000", "operatingIncome": "1036000000", "sellingGeneralAndAdministrative": "627000000", "researchAndDevelopment": "None", "operatingExpenses": "627000000", "investmentIncomeNet": "None", "netInterestIncome": "-82000000", "interestIncome": "None", "interestExpense": "82000000", "nonInterestIncome": "None", "otherNonOperatingIncome": "None", "depreciation": "None", "depreciationAndAmortization": "211000000", "incomeBeforeTax": "968000000", "incomeTaxExpense": "169000000", "interestAndDebtExpense": "None", "netIncomeFromContinuingOperations": "799000000", "comprehensiveIncomeNetOfTax": "None", "ebit": "1036000000", "ebitda": "1247000000", "netIncome": "799000000"}, {"fiscalDateEnding": "2023-12-31", "reportedCurrency": "USD", "grossProfit": "1923000000", "totalRevenue": "11668000000", "costOfRevenue": "9745000000", "costofGoodsAndServicesSold": "9745000000", "operatingIncome": "1288000000", "sellingGeneralAndAdministrative": "635000000", "researchAndDevelopment": "510000000", "operatingExpenses": "635000000", "investmentIncomeNet": "None", "netInterestIncome": "-78000000", "interestIncome": "None", "interestExpense": "78000000", "nonInterestIncome": "None", "otherNonOperatingIncome": "None", "depreciation": "None", "depreciationAndAmortization": "222000000", "incomeBeforeTax": "1227000000", "incomeTaxExpense": "222000000", "interestAndDebtExpense": "None", "netIncomeFromContinuingOperations": "1005000000", "comprehensiveIncomeNetOfTax": "None", "ebit": "1426000000", "ebitda": "1648000000", "netIncome": "1005000000"}, {"fiscalDateEnding": "2023-09-30", "reportedCurrency": "USD", "grossProfit": "1658000000", "totalRevenue": "10571000000", "costOfRevenue": "8913000000", "costofGoodsAndServicesSold": "8913000000", "operatingIncome": "1057000000", "sellingGeneralAndAdministrative": "601000000", "researchAndDevelopment": "None", "operatingExpenses": "601000000", "investmentIncomeNet": "None", "netInterestIncome": "-85000000", "interestIncome": "85000000", "interestExpense": "85000000", "nonInterestIncome": "None", "otherNonOperatingIncome": "None", "depreciation": "None", "depreciationAndAmortization": "208000000", "incomeBeforeTax": "991000000", "incomeTaxExpense": "155000000", "interestAndDebtExpense": "None", "netIncomeFromContinuingOperations": "836000000", "comprehensiveIncomeNetOfTax": "None", "ebit": "1057000000", "ebitda": "1265000000", "netIncome": "836000000"}, {"fiscalDateEnding": "2023-06-30", "reportedCurrency": "USD", "grossProfit": "1567000000", "totalRevenue": "10152000000", "costOfRevenue": "8585000000", "costofGoodsAndServicesSold": "8585000000", "operatingIncome": "962000000", "sellingGeneralAndAdministrative": "605000000", "researchAndDevelopment": "None", "operatingExpenses": "605000000", "investmentIncomeNet": "None", "netInterestIncome": "-89000000", "interestIncome": "89000000", "interestExpense": "89000000", "nonInterestIncome": "None", "otherNonOperatingIncome": "13000000", "depreciation": "None", "depreciationAndAmortization": "207000000", "incomeBeforeTax": "886000000", "incomeTaxExpense": "142000000", "interestAndDebtExpense": "None", "netIncomeFromContinuingOperations": "744000000", "comprehensiveIncomeNetOfTax": "None", "ebit": "962000000", "ebitda": "1169000000", "netIncome": "744000000"}, {"fiscalDateEnding": "2023-03-31", "reportedCurrency": "USD", "grossProfit": "1524000000", "totalRevenue": "9881000000", "costOfRevenue": "8357000000", "costofGoodsAndServicesSold": "8357000000", "operatingIncome": "938000000", "sellingGeneralAndAdministrative": "586000000", "researchAndDevelopment": "None", "operatingExpenses": "586000000", "investmentIncomeNet": "None", "netInterestIncome": "-91000000", "interestIncome": "91000000", "interestExpense": "91000000", "nonInterestIncome": "None", "otherNonOperatingIncome": "33000000", "depreciation": "None", "depreciationAndAmortization": "226000000", "incomeBeforeTax": "880000000", "incomeTaxExpense": "150000000", "interestAndDebtExpense": "None", "netIncomeFromContinuingOperations": "730000000", "comprehensiveIncomeNetOfTax": "None", "ebit": "938000000", "ebitda": "1164000000", "netIncome": "730000000"}, {"fiscalDateEnding": "2022-12-31", "reportedCurrency": "USD", "grossProfit": "1831000000", "totalRevenue": "10851000000", "costOfRevenue": "9020000000", "costofGoodsAndServicesSold": "9020000000", "operatingIncome": "1227000000", "sellingGeneralAndAdministrative": "604000000", "researchAndDevelopment": "480000000", "operatingExpenses": "604000000", "investmentIncomeNet": "None", "netInterestIncome": "-85000000", "interestIncome": "85000000", "interestExpense": "85000000", "nonInterestIncome": "None", "otherNonOperatingIncome": "69000000", "depreciation": "None", "depreciationAndAmortization": "240000000", "incomeBeforeTax": "1211000000", "incomeTaxExpense": "219000000", "interestAndDebtExpense": "None", "netIncomeFromContinuingOperations": "992000000", "comprehensiveIncomeNetOfTax": "None", "ebit": "1443000000", "ebitda": "1683000000", "netIncome": "992000000"}, {"fiscalDateEnding": "2022-09-30", "reportedCurrency": "USD", "grossProfit": "1665000000", "totalRevenue": "9975000000", "costOfRevenue": "8310000000", "costofGoodsAndServicesSold": "8310000000", "operatingIncome": "1098000000", "sellingGeneralAndAdministrative": "567000000", "researchAndDevelopment": "None", "operatingExpenses": "567000000", "investmentIncomeNet": "None", "netInterestIncome": "-86000000", "interestIncome": "86000000", "interestExpense": "86000000", "nonInterestIncome": "None", "otherNonOperatingIncome": "41000000", "depreciation": "None", "depreciationAndAmortization": "219000000", "incomeBeforeTax": "1053000000", "incomeTaxExpense": "151000000", "interestAndDebtExpense": "None", "netIncomeFromContinuingOperations": "902000000", "comprehensiveIncomeNetOfTax": "None", "ebit": "1098000000", "ebitda": "1317000000", "netIncome": "902000000"}, {"fiscalDateEnding": "2022-06-30", "reportedCurrency": "USD", "grossProfit": "1592000000", "totalRevenue": "9189000000", "costOfRevenue": "7597000000", "costofGoodsAndServicesSold": "7597000000", "operatingIncome": "978000000", "sellingGeneralAndAdministrative": "614000000", "researchAndDevelopment": "None", "operatingExpenses": "614000000", "investmentIncomeNet": "None", "netInterestIncome": "-95000000", "interestIncome": "95000000", "interestExpense": "95000000", "nonInterestIncome": "None", "otherNonOperatingIncome": "40000000", "depreciation": "None", "depreciationAndAmortization": "212000000", "incomeBeforeTax": "923000000", "incomeTaxExpense": "157000000", "interestAndDebtExpense": "None", "netIncomeFromContinuingOperations": "766000000", "comprehensiveIncomeNetOfTax": "None", "ebit": "978000000", "ebitda": "1190000000", "netIncome": "766000000"}, {"fiscalDateEnding": "2022-03-31", "reportedCurrency": "USD", "grossProfit": "1534000000", "totalRevenue": "9392000000", "costOfRevenue": "7858000000", "costofGoodsAndServicesSold": "7858000000", "operatingIncome": "908000000", "sellingGeneralAndAdministrative": "626000000", "researchAndDevelopment": "None", "operatingExpenses": "626000000", "investmentIncomeNet": "None", "netInterestIncome": "-98000000", "interestIncome": "98000000", "interestExpense": "98000000", "nonInterestIncome": "None", "otherNonOperatingIncome": "39000000", "depreciation": "None", "depreciationAndAmortization": "213000000", "incomeBeforeTax": "849000000", "incomeTaxExpense": "119000000", "interestAndDebtExpense": "None", "netIncomeFromContinuingOperations": "730000000", "comprehensiveIncomeNetOfTax": "None", "ebit": "908000000", "ebitda": "1121000000", "netIncome": "730000000"}, {"fiscalDateEnding": "2021-12-31", "reportedCurrency": "USD", "grossProfit": "1766000000", "totalRevenue": "10292000000", "costOfRevenue": "8526000000", "costofGoodsAndServicesSold": "8526000000", "operatingIncome": "1186000000", "sellingGeneralAndAdministrative": "580000000", "researchAndDevelopment": "415000000", "operatingExpenses": "580000000", "investmentIncomeNet": "None", "netInterestIncome": "-93000000", "interestIncome": "93000000", "interestExpense": "93000000", "nonInterestIncome": "None", "otherNonOperatingIncome": "39000000", "depreciation": "None", "depreciationAndAmortization": "240000000", "incomeBeforeTax": "1132000000", "incomeTaxExpense": "180000000", "interestAndDebtExpense": "None", "netIncomeFromContinuingOperations": "952000000", "comprehensiveIncomeNetOfTax": "None", "ebit": "1327000000", "ebitda": "1567000000", "netIncome": "952000000"}, {"fiscalDateEnding": "2021-09-30", "reportedCurrency": "USD", "grossProfit": "1630000000", "totalRevenue": "9568000000", "costOfRevenue": "7938000000", "costofGoodsAndServicesSold": "7938000000", "operatingIncome": "1080000000", "sellingGeneralAndAdministrative": "550000000", "researchAndDevelopment": "None", "operatingExpenses": "550000000", "investmentIncomeNet": "None", "netInterestIncome": "-99000000", "interestIncome": "99000000", "interestExpense": "99000000", "nonInterestIncome": "None", "otherNonOperatingIncome": "34000000", "depreciation": "None", "depreciationAndAmortization": "211000000", "incomeBeforeTax": "1015000000", "incomeTaxExpense": "155000000", "interestAndDebtExpense": "None", "netIncomeFromContinuingOperations": "860000000", "comprehensiveIncomeNetOfTax": "None", "ebit": "1080000000", "ebitda": "1291000000", "netIncome": "860000000"}, {"fiscalDateEnding": "2021-06-30", "reportedCurrency": "USD", "grossProfit": "1515000000", "totalRevenue": "9220000000", "costOfRevenue": "7705000000", "costofGoodsAndServicesSold": "7705000000", "operatingIncome": "959000000", "sellingGeneralAndAdministrative": "556000000", "researchAndDevelopment": "None", "operatingExpenses": "556000000", "investmentIncomeNet": "None", "netInterestIncome": "-109000000", "interestIncome": "109000000", "interestExpense": "109000000", "nonInterestIncome": "None", "otherNonOperatingIncome": "31000000", "depreciation": "None", "depreciationAndAmortization": "224000000", "incomeBeforeTax": "881000000", "incomeTaxExpense": "144000000", "interestAndDebtExpense": "None", "netIncomeFromContinuingOperations": "737000000", "comprehensiveIncomeNetOfTax": "None", "ebit": "959000000", "ebitda": "1183000000", "netIncome": "737000000"}, {"fiscalDateEnding": "2021-03-31", "reportedCurrency": "USD", "grossProfit": "1497000000", "totalRevenue": "9389000000", "costOfRevenue": "7892000000", "costofGoodsAndServicesSold": "7892000000", "operatingIncome": "938000000", "sellingGeneralAndAdministrative": "559000000", "researchAndDevelopment": "None", "operatingExpenses": "559000000", "investmentIncomeNet": "None", "netInterestIncome": "-123000000", "interestIncome": "123000000", "interestExpense": "123000000", "nonInterestIncome": "None", "otherNonOperatingIncome": "30000000", "depreciation": "None", "depreciationAndAmortization": "215000000", "incomeBeforeTax": "845000000", "incomeTaxExpense": "137000000", "interestAndDebtExpense": "None", "netIncomeFromContinuingOperations": "708000000", "comprehensiveIncomeNetOfTax": "None", "ebit": "968000000", "ebitda": "1183000000", "netIncome": "708000000"}, {"fiscalDateEnding": "2020-12-31", "reportedCurrency": "USD", "grossProfit": "1850000000", "totalRevenue": "10481000000", "costOfRevenue": "8631000000", "costofGoodsAndServicesSold": "8631000000", "operatingIncome": "1267000000", "sellingGeneralAndAdministrative": "583000000", "researchAndDevelopment": "374000000", "operatingExpenses": "583000000", "investmentIncomeNet": "None", "netInterestIncome": "-120000000", "interestIncome": "120000000", "interestExpense": "120000000", "nonInterestIncome": "None", "otherNonOperatingIncome": "38000000", "depreciation": "None", "depreciationAndAmortization": "235000000", "incomeBeforeTax": "1185000000", "incomeTaxExpense": "183000000", "interestAndDebtExpense": "None", "netIncomeFromContinuingOperations": "1002000000", "comprehensiveIncomeNetOfTax": "None", "ebit": "1361000000", "ebitda": "1596000000", "netIncome": "1002000000"}, {"fiscalDateEnding": "2020-09-30", "reportedCurrency": "USD", "grossProfit": "1584000000", "totalRevenue": "9431000000", "costOfRevenue": "7847000000", "costofGoodsAndServicesSold": "7847000000", "operatingIncome": "1072000000", "sellingGeneralAndAdministrative": "512000000", "researchAndDevelopment": "None", "operatingExpenses": "512000000", "investmentIncomeNet": "None", "netInterestIncome": "-118000000", "interestIncome": "118000000", "interestExpense": "118000000", "nonInterestIncome": "None", "otherNonOperatingIncome": "12000000", "depreciation": "None", "depreciationAndAmortization": "212000000", "incomeBeforeTax": "978000000", "incomeTaxExpense": "144000000", "interestAndDebtExpense": "None", "netIncomeFromContinuingOperations": "834000000", "comprehensiveIncomeNetOfTax": "None", "ebit": "1072000000", "ebitda": "1284000000", "netIncome": "834000000"}, {"fiscalDateEnding": "2020-06-30", "reportedCurrency": "USD", "grossProfit": "1408000000", "totalRevenue": "9264000000", "costOfRevenue": "7856000000", "costofGoodsAndServicesSold": "7856000000", "operatingIncome": "834000000", "sellingGeneralAndAdministrative": "574000000", "researchAndDevelopment": "None", "operatingExpenses": "574000000", "investmentIncomeNet": "None", "netInterestIncome": "-132000000", "interestIncome": "132000000", "interestExpense": "132000000", "nonInterestIncome": "None", "otherNonOperatingIncome": "18000000", "depreciation": "None", "depreciationAndAmortization": "219000000", "incomeBeforeTax": "727000000", "incomeTaxExpense": "102000000", "interestAndDebtExpense": "None", "netIncomeFromContinuingOperations": "625000000", "comprehensiveIncomeNetOfTax": "None", "ebit": "834000000", "ebitda": "1053000000", "netIncome": "625000000"}, {"fiscalDateEnding": "2020-03-31", "reportedCurrency": "USD", "grossProfit": "1459000000", "totalRevenue": "8749000000", "costOfRevenue": "7290000000", "costofGoodsAndServicesSold": "7290000000", "operatingIncome": "934000000", "sellingGeneralAndAdministrative": "525000000", "researchAndDevelopment": "None", "operatingExpenses": "525000000", "investmentIncomeNet": "None", "netInterestIncome": "-107000000", "interestIncome": "107000000", "interestExpense": "107000000", "nonInterestIncome": "None", "otherNonOperatingIncome": "14000000", "depreciation": "None", "depreciationAndAmortization": "212000000", "incomeBeforeTax": "848000000", "incomeTaxExpense": "142000000", "interestAndDebtExpense": "None", "netIncomeFromContinuingOperations": "706000000", "comprehensiveIncomeNetOfTax": "None", "ebit": "955000000", "ebitda": "1167000000", "netIncome": "706000000"}, {"fiscalDateEnding": "2019-12-31", "reportedCurrency": "USD", "grossProfit": "1957000000", "totalRevenue": "10773000000", "costOfRevenue": "8816000000", "costofGoodsAndServicesSold": "8816000000", "operatingIncome": "1328000000", "sellingGeneralAndAdministrative": "629000000", "researchAndDevelopment": "466000000", "operatingExpenses": "629000000", "investmentIncomeNet": "None", "netInterestIncome": "-110000000", "interestIncome": "110000000", "interestExpense": "110000000", "nonInterestIncome": "None", "otherNonOperatingIncome": "-4000000", "depreciation": "None", "depreciationAndAmortization": "204000000", "incomeBeforeTax": "1214000000", "incomeTaxExpense": "194000000", "interestAndDebtExpense": "None", "netIncomeFromContinuingOperations": "326000000", "comprehensiveIncomeNetOfTax": "None", "ebit": "1354000000", "ebitda": "1558000000", "netIncome": "1020000000"}, {"fiscalDateEnding": "2019-09-30", "reportedCurrency": "USD", "grossProfit": "1788000000", "totalRevenue": "9761000000", "costOfRevenue": "7973000000", "costofGoodsAndServicesSold": "7973000000", "operatingIncome": "1216000000", "sellingGeneralAndAdministrative": "572000000", "researchAndDevelopment": "None", "operatingExpenses": "572000000", "investmentIncomeNet": "None", "netInterestIncome": "-114000000", "interestIncome": "114000000", "interestExpense": "114000000", "nonInterestIncome": "None", "otherNonOperatingIncome": "-12000000", "depreciation": "None", "depreciationAndAmortization": "210000000", "incomeBeforeTax": "1090000000", "incomeTaxExpense": "177000000", "interestAndDebtExpense": "None", "netIncomeFromContinuingOperations": "913000000", "comprehensiveIncomeNetOfTax": "None", "ebit": "1216000000", "ebitda": "1426000000", "netIncome": "913000000"}, {"fiscalDateEnding": "2019-06-30", "reportedCurrency": "USD", "grossProfit": "1686000000", "totalRevenue": "9555000000", "costOfRevenue": "7869000000", "costofGoodsAndServicesSold": "7869000000", "operatingIncome": "1090000000", "sellingGeneralAndAdministrative": "596000000", "researchAndDevelopment": "None", "operatingExpenses": "596000000", "investmentIncomeNet": "None", "netInterestIncome": "-119000000", "interestIncome": "119000000", "interestExpense": "119000000", "nonInterestIncome": "None", "otherNonOperatingIncome": "12000000", "depreciation": "None", "depreciationAndAmortization": "210000000", "incomeBeforeTax": "983000000", "incomeTaxExpense": "177000000", "interestAndDebtExpense": "None", "netIncomeFromContinuingOperations": "1160000000", "comprehensiveIncomeNetOfTax": "None", "ebit": "1090000000", "ebitda": "1300000000", "netIncome": "806000000"}, {"fiscalDateEnding": "2019-03-31", "reportedCurrency": "USD", "grossProfit": "1628000000", "totalRevenue": "9261000000", "costOfRevenue": "7633000000", "costofGoodsAndServicesSold": "7633000000", "operatingIncome": "1014000000", "sellingGeneralAndAdministrative": "614000000", "researchAndDevelopment": "None", "operatingExpenses": "614000000", "investmentIncomeNet": "None", "netInterestIncome": "-117000000", "interestIncome": "117000000", "interestExpense": "117000000", "nonInterestIncome": "None", "otherNonOperatingIncome": "18000000", "depreciation": "None", "depreciationAndAmortization": "205000000", "incomeBeforeTax": "915000000", "incomeTaxExpense": "170000000", "interestAndDebtExpense": "None", "netIncomeFromContinuingOperations": "1085000000", "comprehensiveIncomeNetOfTax": "None", "ebit": "1032000000", "ebitda": "1237000000", "netIncome": "745000000"}, {"fiscalDateEnding": "2018-12-31", "reportedCurrency": "USD", "grossProfit": "1783000000", "totalRevenue": "10378000000", "costOfRevenue": "8595000000", "costofGoodsAndServicesSold": "8595000000", "operatingIncome": "1226000000", "sellingGeneralAndAdministrative": "557000000", "researchAndDevelopment": "502000000", "operatingExpenses": "557000000", "investmentIncomeNet": "None", "netInterestIncome": "None", "interestIncome": "None", "interestExpense": "112000000", "nonInterestIncome": "None", "otherNonOperatingIncome": "18000000", "depreciation": "None", "depreciationAndAmortization": "221000000", "incomeBeforeTax": "1132000000", "incomeTaxExpense": "223000000", "interestAndDebtExpense": "None", "netIncomeFromContinuingOperations": "219000000", "comprehensiveIncomeNetOfTax": "None", "ebit": "1228000000", "ebitda": "1449000000", "netIncome": "909000000"}, {"fiscalDateEnding": "2018-09-30", "reportedCurrency": "USD", "grossProfit": "1687000000", "totalRevenue": "9094000000", "costOfRevenue": "7407000000", "costofGoodsAndServicesSold": "7407000000", "operatingIncome": "1135000000", "sellingGeneralAndAdministrative": "552000000", "researchAndDevelopment": "126000000", "operatingExpenses": "552000000", "investmentIncomeNet": "None", "netInterestIncome": "None", "interestIncome": "None", "interestExpense": "114000000", "nonInterestIncome": "None", "otherNonOperatingIncome": "2000000", "depreciation": "None", "depreciationAndAmortization": "215000000", "incomeBeforeTax": "1023000000", "incomeTaxExpense": "159000000", "interestAndDebtExpense": "None", "netIncomeFromContinuingOperations": "864000000", "comprehensiveIncomeNetOfTax": "None", "ebit": "1135000000", "ebitda": "1350000000", "netIncome": "851000000"}, {"fiscalDateEnding": "2018-06-30", "reportedCurrency": "USD", "grossProfit": "1700000000", "totalRevenue": "9186000000", "costOfRevenue": "7486000000", "costofGoodsAndServicesSold": "7486000000", "operatingIncome": "1088000000", "sellingGeneralAndAdministrative": "612000000", "researchAndDevelopment": "90000000", "operatingExpenses": "612000000", "investmentIncomeNet": "None", "netInterestIncome": "None", "interestIncome": "None", "interestExpense": "103000000", "nonInterestIncome": "None", "otherNonOperatingIncome": "-15000000", "depreciation": "None", "depreciationAndAmortization": "218000000", "incomeBeforeTax": "970000000", "incomeTaxExpense": "184000000", "interestAndDebtExpense": "None", "netIncomeFromContinuingOperations": "1154000000", "comprehensiveIncomeNetOfTax": "None", "ebit": "1088000000", "ebitda": "1306000000", "netIncome": "786000000"}, {"fiscalDateEnding": "2018-03-31", "reportedCurrency": "USD", "grossProfit": "1545000000", "totalRevenue": "7535000000", "costOfRevenue": "5990000000", "costofGoodsAndServicesSold": "5990000000", "operatingIncome": "1008000000", "sellingGeneralAndAdministrative": "537000000", "researchAndDevelopment": "140000000", "operatingExpenses": "537000000", "investmentIncomeNet": "None", "netInterestIncome": "None", "interestIncome": "None", "interestExpense": "27000000", "nonInterestIncome": "None", "otherNonOperatingIncome": "-21000000", "depreciation": "None", "depreciationAndAmortization": "109000000", "incomeBeforeTax": "960000000", "incomeTaxExpense": "161000000", "interestAndDebtExpense": "None", "netIncomeFromContinuingOperations": "1121000000", "comprehensiveIncomeNetOfTax": "None", "ebit": "1008000000", "ebitda": "1117000000", "netIncome": "799000000"}, {"fiscalDateEnding": "2017-12-31", "reportedCurrency": "USD", "grossProfit": "1548000000", "totalRevenue": "8277000000", "costOfRevenue": "6729000000", "costofGoodsAndServicesSold": "6729000000", "operatingIncome": "1034000000", "sellingGeneralAndAdministrative": "514000000", "researchAndDevelopment": "521000000", "operatingExpenses": "514000000", "investmentIncomeNet": "None", "netInterestIncome": "None", "interestIncome": "None", "interestExpense": "27000000", "nonInterestIncome": "None", "otherNonOperatingIncome": "1000000", "depreciation": "None", "depreciationAndAmortization": "115000000", "incomeBeforeTax": "1008000000", "incomeTaxExpense": "372000000", "interestAndDebtExpense": "None", "netIncomeFromContinuingOperations": "636000000", "comprehensiveIncomeNetOfTax": "None", "ebit": "1051000000", "ebitda": "1166000000", "netIncome": "636000000"}, {"fiscalDateEnding": "2017-09-30", "reportedCurrency": "USD", "grossProfit": "1566000000", "totalRevenue": "7580000000", "costOfRevenue": "6014000000", "costofGoodsAndServicesSold": "6014000000", "operatingIncome": "1063000000", "sellingGeneralAndAdministrative": "503000000", "researchAndDevelopment": "120000000", "operatingExpenses": "503000000", "investmentIncomeNet": "None", "netInterestIncome": "None", "interestIncome": "None", "interestExpense": "27000000", "nonInterestIncome": "None", "otherNonOperatingIncome": "2000000", "depreciation": "None", "depreciationAndAmortization": "106000000", "incomeBeforeTax": "1027000000", "incomeTaxExpense": "263000000", "interestAndDebtExpense": "None", "netIncomeFromContinuingOperations": "764000000", "comprehensiveIncomeNetOfTax": "None", "ebit": "1063000000", "ebitda": "1169000000", "netIncome": "764000000"}, {"fiscalDateEnding": "2017-06-30", "reportedCurrency": "USD", "grossProfit": "1561000000", "totalRevenue": "7675000000", "costOfRevenue": "6114000000", "costofGoodsAndServicesSold": "6114000000", "operatingIncome": "1067000000", "sellingGeneralAndAdministrative": "494000000", "researchAndDevelopment": "134000000", "operatingExpenses": "494000000", "investmentIncomeNet": "None", "netInterestIncome": "None", "interestIncome": "None", "interestExpense": "24000000", "nonInterestIncome": "None", "otherNonOperatingIncome": "None", "depreciation": "None", "depreciationAndAmortization": "109000000", "incomeBeforeTax": "1032000000", "incomeTaxExpense": "283000000", "interestAndDebtExpense": "None", "netIncomeFromContinuingOperations": "749000000", "comprehensiveIncomeNetOfTax": "None", "ebit": "1067000000", "ebitda": "1176000000", "netIncome": "749000000"}, {"fiscalDateEnding": "2017-03-31", "reportedCurrency": "USD", "grossProfit": "1518000000", "totalRevenue": "7441000000", "costOfRevenue": "5923000000", "costofGoodsAndServicesSold": "5923000000", "operatingIncome": "1046000000", "sellingGeneralAndAdministrative": "472000000", "researchAndDevelopment": "113000000", "operatingExpenses": "472000000", "investmentIncomeNet": "None", "netInterestIncome": "None", "interestIncome": "None", "interestExpense": "25000000", "nonInterestIncome": "None", "otherNonOperatingIncome": "None", "depreciation": "None", "depreciationAndAmortization": "111000000", "incomeBeforeTax": "1010000000", "incomeTaxExpense": "247000000", "interestAndDebtExpense": "None", "netIncomeFromContinuingOperations": "763000000", "comprehensiveIncomeNetOfTax": "None", "ebit": "1046000000", "ebitda": "1157000000", "netIncome": "763000000"}, {"fiscalDateEnding": "2016-12-31", "reportedCurrency": "USD", "grossProfit": "1640000000", "totalRevenue": "8233000000", "costOfRevenue": "6593000000", "costofGoodsAndServicesSold": "6593000000", "operatingIncome": "1117000000", "sellingGeneralAndAdministrative": "523000000", "researchAndDevelopment": "418000000", "operatingExpenses": "523000000", "investmentIncomeNet": "None", "netInterestIncome": "None", "interestIncome": "None", "interestExpense": "23000000", "nonInterestIncome": "None", "otherNonOperatingIncome": "None", "depreciation": "None", "depreciationAndAmortization": "112000000", "incomeBeforeTax": "1094000000", "incomeTaxExpense": "287000000", "interestAndDebtExpense": "None", "netIncomeFromContinuingOperations": "227000000", "comprehensiveIncomeNetOfTax": "None", "ebit": "1138000000", "ebitda": "1250000000", "netIncome": "797000000"}, {"fiscalDateEnding": "2016-09-30", "reportedCurrency": "USD", "grossProfit": "1486000000", "totalRevenue": "7657000000", "costOfRevenue": "6171000000", "costofGoodsAndServicesSold": "6171000000", "operatingIncome": "1015000000", "sellingGeneralAndAdministrative": "471000000", "researchAndDevelopment": "99000000", "operatingExpenses": "471000000", "investmentIncomeNet": "None", "netInterestIncome": "None", "interestIncome": "None", "interestExpense": "23000000", "nonInterestIncome": "None", "otherNonOperatingIncome": "2000000", "depreciation": "None", "depreciationAndAmortization": "110000000", "incomeBeforeTax": "994000000", "incomeTaxExpense": "263000000", "interestAndDebtExpense": "None", "netIncomeFromContinuingOperations": "767000000", "comprehensiveIncomeNetOfTax": "None", "ebit": "1014000000", "ebitda": "1124000000", "netIncome": "647000000"}, {"fiscalDateEnding": "2016-06-30", "reportedCurrency": "USD", "grossProfit": "1512000000", "totalRevenue": "7774000000", "costOfRevenue": "6262000000", "costofGoodsAndServicesSold": "6262000000", "operatingIncome": "1027000000", "sellingGeneralAndAdministrative": "485000000", "researchAndDevelopment": "121000000", "operatingExpenses": "485000000", "investmentIncomeNet": "None", "netInterestIncome": "None", "interestIncome": "None", "interestExpense": "23000000", "nonInterestIncome": "None", "otherNonOperatingIncome": "1000000", "depreciation": "None", "depreciationAndAmortization": "115000000", "incomeBeforeTax": "1005000000", "incomeTaxExpense": "290000000", "interestAndDebtExpense": "None", "netIncomeFromContinuingOperations": "1338000000", "comprehensiveIncomeNetOfTax": "None", "ebit": "1027000000", "ebitda": "1142000000", "netIncome": "714000000"}, {"fiscalDateEnding": "2016-03-31", "reportedCurrency": "USD", "grossProfit": "1385000000", "totalRevenue": "7476000000", "costOfRevenue": "6091000000", "costofGoodsAndServicesSold": "6091000000", "operatingIncome": "924000000", "sellingGeneralAndAdministrative": "461000000", "researchAndDevelopment": "104000000", "operatingExpenses": "461000000", "investmentIncomeNet": "None", "netInterestIncome": "None", "interestIncome": "None", "interestExpense": "22000000", "nonInterestIncome": "None", "otherNonOperatingIncome": "10000000", "depreciation": "None", "depreciationAndAmortization": "116000000", "incomeBeforeTax": "912000000", "incomeTaxExpense": "258000000", "interestAndDebtExpense": "None", "netIncomeFromContinuingOperations": "730000000", "comprehensiveIncomeNetOfTax": "None", "ebit": "924000000", "ebitda": "1040000000", "netIncome": "641000000"}, {"fiscalDateEnding": "2015-12-31", "reportedCurrency": "USD", "grossProfit": "1542000000", "totalRevenue": "7809000000", "costOfRevenue": "6267000000", "costofGoodsAndServicesSold": "6267000000", "operatingIncome": "1036000000", "sellingGeneralAndAdministrative": "506000000", "researchAndDevelopment": "395000000", "operatingExpenses": "506000000", "investmentIncomeNet": "None", "netInterestIncome": "None", "interestIncome": "None", "interestExpense": "34000000", "nonInterestIncome": "None", "otherNonOperatingIncome": "2000000", "depreciation": "None", "depreciationAndAmortization": "122000000", "incomeBeforeTax": "1019000000", "incomeTaxExpense": "255000000", "interestAndDebtExpense": "None", "netIncomeFromContinuingOperations": "764000000", "comprehensiveIncomeNetOfTax": "None", "ebit": "1058000000", "ebitda": "1180000000", "netIncome": "764000000"}, {"fiscalDateEnding": "2015-09-30", "reportedCurrency": "USD", "grossProfit": "1510000000", "totalRevenue": "7994000000", "costOfRevenue": "6484000000", "costofGoodsAndServicesSold": "6484000000", "operatingIncome": "1034000000", "sellingGeneralAndAdministrative": "476000000", "researchAndDevelopment": "104000000", "operatingExpenses": "476000000", "investmentIncomeNet": "None", "netInterestIncome": "None", "interestIncome": "None", "interestExpense": "23000000", "nonInterestIncome": "None", "otherNonOperatingIncome": "2000000", "depreciation": "None", "depreciationAndAmortization": "117000000", "incomeBeforeTax": "1013000000", "incomeTaxExpense": "280000000", "interestAndDebtExpense": "None", "netIncomeFromContinuingOperations": "733000000", "comprehensiveIncomeNetOfTax": "None", "ebit": "1034000000", "ebitda": "1151000000", "netIncome": "733000000"}, {"fiscalDateEnding": "2015-06-30", "reportedCurrency": "USD", "grossProfit": "1548000000", "totalRevenue": "7882000000", "costOfRevenue": "6334000000", "costofGoodsAndServicesSold": "6334000000", "operatingIncome": "1081000000", "sellingGeneralAndAdministrative": "467000000", "researchAndDevelopment": "101000000", "operatingExpenses": "467000000", "investmentIncomeNet": "None", "netInterestIncome": "None", "interestIncome": "None", "interestExpense": "20000000", "nonInterestIncome": "None", "otherNonOperatingIncome": "None", "depreciation": "None", "depreciationAndAmortization": "119000000", "incomeBeforeTax": "1061000000", "incomeTaxExpense": "309000000", "interestAndDebtExpense": "None", "netIncomeFromContinuingOperations": "752000000", "comprehensiveIncomeNetOfTax": "None", "ebit": "1081000000", "ebitda": "1200000000", "netIncome": "752000000"}, {"fiscalDateEnding": "2015-03-31", "reportedCurrency": "USD", "grossProfit": "1530000000", "totalRevenue": "7784000000", "costOfRevenue": "6254000000", "costofGoodsAndServicesSold": "6254000000", "operatingIncome": "1027000000", "sellingGeneralAndAdministrative": "503000000", "researchAndDevelopment": "96000000", "operatingExpenses": "503000000", "investmentIncomeNet": "None", "netInterestIncome": "None", "interestIncome": "None", "interestExpense": "21000000", "nonInterestIncome": "None", "otherNonOperatingIncome": "3000000", "depreciation": "None", "depreciationAndAmortization": "124000000", "incomeBeforeTax": "1009000000", "incomeTaxExpense": "293000000", "interestAndDebtExpense": "None", "netIncomeFromContinuingOperations": "716000000", "comprehensiveIncomeNetOfTax": "None", "ebit": "1027000000", "ebitda": "1151000000", "netIncome": "716000000"}, {"fiscalDateEnding": "2014-12-31", "reportedCurrency": "USD", "grossProfit": "1596000000", "totalRevenue": "8362000000", "costOfRevenue": "6766000000", "costofGoodsAndServicesSold": "6766000000", "operatingIncome": "1067000000", "sellingGeneralAndAdministrative": "529000000", "researchAndDevelopment": "358000000", "operatingExpenses": "529000000", "investmentIncomeNet": "None", "netInterestIncome": "None", "interestIncome": "None", "interestExpense": "36000000", "nonInterestIncome": "None", "otherNonOperatingIncome": "-4000000", "depreciation": "None", "depreciationAndAmortization": "120000000", "incomeBeforeTax": "1045000000", "incomeTaxExpense": "308000000", "interestAndDebtExpense": "None", "netIncomeFromContinuingOperations": "226000000", "comprehensiveIncomeNetOfTax": "None", "ebit": "1083000000", "ebitda": "1203000000", "netIncome": "701000000"}, {"fiscalDateEnding": "2014-09-30", "reportedCurrency": "USD", "grossProfit": "1477000000", "totalRevenue": "7751000000", "costOfRevenue": "6274000000", "costofGoodsAndServicesSold": "6274000000", "operatingIncome": "999000000", "sellingGeneralAndAdministrative": "478000000", "researchAndDevelopment": "73000000", "operatingExpenses": "478000000", "investmentIncomeNet": "None", "netInterestIncome": "None", "interestIncome": "None", "interestExpense": "21000000", "nonInterestIncome": "None", "otherNonOperatingIncome": "1000000", "depreciation": "None", "depreciationAndAmortization": "124000000", "incomeBeforeTax": "979000000", "incomeTaxExpense": "285000000", "interestAndDebtExpense": "None", "netIncomeFromContinuingOperations": "694000000", "comprehensiveIncomeNetOfTax": "None", "ebit": "999000000", "ebitda": "1123000000", "netIncome": "696000000"}, {"fiscalDateEnding": "2014-06-30", "reportedCurrency": "USD", "grossProfit": "1435000000", "totalRevenue": "7474000000", "costOfRevenue": "6039000000", "costofGoodsAndServicesSold": "6039000000", "operatingIncome": "949000000", "sellingGeneralAndAdministrative": "486000000", "researchAndDevelopment": "98000000", "operatingExpenses": "486000000", "investmentIncomeNet": "None", "netInterestIncome": "None", "interestIncome": "None", "interestExpense": "24000000", "nonInterestIncome": "None", "otherNonOperatingIncome": "None", "depreciation": "None", "depreciationAndAmortization": "127000000", "incomeBeforeTax": "925000000", "incomeTaxExpense": "279000000", "interestAndDebtExpense": "None", "netIncomeFromContinuingOperations": "646000000", "comprehensiveIncomeNetOfTax": "None", "ebit": "949000000", "ebitda": "1076000000", "netIncome": "541000000"}, {"fiscalDateEnding": "2014-03-31", "reportedCurrency": "USD", "grossProfit": "1365000000", "totalRevenue": "7265000000", "costOfRevenue": "5900000000", "costofGoodsAndServicesSold": "5900000000", "operatingIncome": "874000000", "sellingGeneralAndAdministrative": "491000000", "researchAndDevelopment": "86000000", "operatingExpenses": "491000000", "investmentIncomeNet": "None", "netInterestIncome": "None", "interestIncome": "None", "interestExpense": "22000000", "nonInterestIncome": "None", "otherNonOperatingIncome": "2000000", "depreciation": "None", "depreciationAndAmortization": "132000000", "incomeBeforeTax": "851000000", "incomeTaxExpense": "256000000", "interestAndDebtExpense": "None", "netIncomeFromContinuingOperations": "1107000000", "comprehensiveIncomeNetOfTax": "None", "ebit": "867000000", "ebitda": "999000000", "netIncome": "595000000"}, {"fiscalDateEnding": "2013-12-31", "reportedCurrency": "USD", "grossProfit": "1463000000", "totalRevenue": "8107000000", "costOfRevenue": "6644000000", "costofGoodsAndServicesSold": "6644000000", "operatingIncome": "921000000", "sellingGeneralAndAdministrative": "542000000", "researchAndDevelopment": "68000000", "operatingExpenses": "542000000", "investmentIncomeNet": "None", "netInterestIncome": "None", "interestIncome": "None", "interestExpense": "40000000", "nonInterestIncome": "None", "otherNonOperatingIncome": "2000000", "depreciation": "None", "depreciationAndAmortization": "141000000", "incomeBeforeTax": "900000000", "incomeTaxExpense": "276000000", "interestAndDebtExpense": "None", "netIncomeFromContinuingOperations": "-1066000000", "comprehensiveIncomeNetOfTax": "None", "ebit": "946000000", "ebitda": "1087000000", "netIncome": "495000000"}, {"fiscalDateEnding": "2013-09-30", "reportedCurrency": "USD", "grossProfit": "1458000000", "totalRevenue": "7735000000", "costOfRevenue": "6277000000", "costofGoodsAndServicesSold": "6277000000", "operatingIncome": "961000000", "sellingGeneralAndAdministrative": "497000000", "researchAndDevelopment": "74000000", "operatingExpenses": "497000000", "investmentIncomeNet": "None", "netInterestIncome": "None", "interestIncome": "None", "interestExpense": "22000000", "nonInterestIncome": "None", "otherNonOperatingIncome": "5000000", "depreciation": "None", "depreciationAndAmortization": "135000000", "incomeBeforeTax": "940000000", "incomeTaxExpense": "289000000", "interestAndDebtExpense": "None", "netIncomeFromContinuingOperations": "1229000000", "comprehensiveIncomeNetOfTax": "None", "ebit": "953000000", "ebitda": "1088000000", "netIncome": "651000000"}, {"fiscalDateEnding": "2013-06-30", "reportedCurrency": "USD", "grossProfit": "1475000000", "totalRevenue": "7834000000", "costOfRevenue": "6359000000", "costofGoodsAndServicesSold": "6359000000", "operatingIncome": "961000000", "sellingGeneralAndAdministrative": "514000000", "researchAndDevelopment": "77000000", "operatingExpenses": "514000000", "investmentIncomeNet": "None", "netInterestIncome": "None", "interestIncome": "None", "interestExpense": "18000000", "nonInterestIncome": "None", "otherNonOperatingIncome": "1000000", "depreciation": "None", "depreciationAndAmortization": "138000000", "incomeBeforeTax": "943000000", "incomeTaxExpense": "303000000", "interestAndDebtExpense": "None", "netIncomeFromContinuingOperations": "1246000000", "comprehensiveIncomeNetOfTax": "None", "ebit": "946000000", "ebitda": "1084000000", "netIncome": "640000000"}, {"fiscalDateEnding": "2013-03-31", "reportedCurrency": "USD", "grossProfit": "1354000000", "totalRevenue": "7404000000", "costOfRevenue": "6050000000", "costofGoodsAndServicesSold": "6050000000", "operatingIncome": "847000000", "sellingGeneralAndAdministrative": "507000000", "researchAndDevelopment": "91000000", "operatingExpenses": "507000000", "investmentIncomeNet": "None", "netInterestIncome": "None", "interestIncome": "None", "interestExpense": "23000000", "nonInterestIncome": "None", "otherNonOperatingIncome": "None", "depreciation": "None", "depreciationAndAmortization": "142000000", "incomeBeforeTax": "824000000", "incomeTaxExpense": "253000000", "interestAndDebtExpense": "None", "netIncomeFromContinuingOperations": "1077000000", "comprehensiveIncomeNetOfTax": "None", "ebit": "847000000", "ebitda": "989000000", "netIncome": "571000000"}, {"fiscalDateEnding": "2012-12-31", "reportedCurrency": "USD", "grossProfit": "798000000", "totalRevenue": "8078000000", "costOfRevenue": "7280000000", "costofGoodsAndServicesSold": "7280000000", "operatingIncome": "-1902000000", "sellingGeneralAndAdministrative": "608000000", "researchAndDevelopment": "374000000", "operatingExpenses": "2700000000", "investmentIncomeNet": "None", "netInterestIncome": "None", "interestIncome": "None", "interestExpense": "44000000", "nonInterestIncome": "None", "otherNonOperatingIncome": "-128000000", "depreciation": "None", "depreciationAndAmortization": "162000000", "incomeBeforeTax": "-2071000000", "incomeTaxExpense": "59000000", "interestAndDebtExpense": "None", "netIncomeFromContinuingOperations": "-2130000000", "comprehensiveIncomeNetOfTax": "None", "ebit": "-2027000000", "ebitda": "-1865000000", "netIncome": "-2130000000"}, {"fiscalDateEnding": "2012-09-30", "reportedCurrency": "USD", "grossProfit": "1415000000", "totalRevenue": "7934000000", "costOfRevenue": "6519000000", "costofGoodsAndServicesSold": "6519000000", "operatingIncome": "905000000", "sellingGeneralAndAdministrative": "510000000", "researchAndDevelopment": "149000000", "operatingExpenses": "510000000", "investmentIncomeNet": "None", "netInterestIncome": "None", "interestIncome": "None", "interestExpense": "39000000", "nonInterestIncome": "None", "otherNonOperatingIncome": "-3000000", "depreciation": "None", "depreciationAndAmortization": "154000000", "incomeBeforeTax": "863000000", "incomeTaxExpense": "263000000", "interestAndDebtExpense": "None", "netIncomeFromContinuingOperations": "600000000", "comprehensiveIncomeNetOfTax": "None", "ebit": "905000000", "ebitda": "1059000000", "netIncome": "600000000"}, {"fiscalDateEnding": "2012-06-30", "reportedCurrency": "USD", "grossProfit": "1495000000", "totalRevenue": "7922000000", "costOfRevenue": "6427000000", "costofGoodsAndServicesSold": "6427000000", "operatingIncome": "970000000", "sellingGeneralAndAdministrative": "525000000", "researchAndDevelopment": "130000000", "operatingExpenses": "525000000", "investmentIncomeNet": "None", "netInterestIncome": "None", "interestIncome": "None", "interestExpense": "37000000", "nonInterestIncome": "None", "otherNonOperatingIncome": "-5000000", "depreciation": "None", "depreciationAndAmortization": "150000000", "incomeBeforeTax": "928000000", "incomeTaxExpense": "294000000", "interestAndDebtExpense": "None", "netIncomeFromContinuingOperations": "634000000", "comprehensiveIncomeNetOfTax": "None", "ebit": "970000000", "ebitda": "1120000000", "netIncome": "634000000"}, {"fiscalDateEnding": "2012-03-31", "reportedCurrency": "USD", "grossProfit": "1395000000", "totalRevenue": "7579000000", "costOfRevenue": "6184000000", "costofGoodsAndServicesSold": "6184000000", "operatingIncome": "860000000", "sellingGeneralAndAdministrative": "535000000", "researchAndDevelopment": "152000000", "operatingExpenses": "535000000", "investmentIncomeNet": "None", "netInterestIncome": "None", "interestIncome": "None", "interestExpense": "39000000", "nonInterestIncome": "None", "otherNonOperatingIncome": "None", "depreciation": "None", "depreciationAndAmortization": "154000000", "incomeBeforeTax": "821000000", "incomeTaxExpense": "257000000", "interestAndDebtExpense": "None", "netIncomeFromContinuingOperations": "564000000", "comprehensiveIncomeNetOfTax": "None", "ebit": "860000000", "ebitda": "1014000000", "netIncome": "564000000"}, {"fiscalDateEnding": "2011-12-31", "reportedCurrency": "USD", "grossProfit": "1474000000", "totalRevenue": "9147000000", "costOfRevenue": "7673000000", "costofGoodsAndServicesSold": "7673000000", "operatingIncome": "950000000", "sellingGeneralAndAdministrative": "2030000000", "researchAndDevelopment": "154000000", "operatingExpenses": "524000000", "investmentIncomeNet": "None", "netInterestIncome": "None", "interestIncome": "None", "interestExpense": "40000000", "nonInterestIncome": "None", "otherNonOperatingIncome": "-1000000", "depreciation": "None", "depreciationAndAmortization": "157000000", "incomeBeforeTax": "911000000", "incomeTaxExpense": "308000000", "interestAndDebtExpense": "None", "netIncomeFromContinuingOperations": "603000000", "comprehensiveIncomeNetOfTax": "None", "ebit": "951000000", "ebitda": "1108000000", "netIncome": "603000000"}, {"fiscalDateEnding": "2011-09-30", "reportedCurrency": "USD", "grossProfit": "1490000000", "totalRevenue": "7853000000", "costOfRevenue": "6363000000", "costofGoodsAndServicesSold": "6363000000", "operatingIncome": "998000000", "sellingGeneralAndAdministrative": "492000000", "researchAndDevelopment": "127000000", "operatingExpenses": "492000000", "investmentIncomeNet": "None", "netInterestIncome": "None", "interestIncome": "None", "interestExpense": "41000000", "nonInterestIncome": "None", "otherNonOperatingIncome": "-8000000", "depreciation": "None", "depreciationAndAmortization": "147000000", "incomeBeforeTax": "952000000", "incomeTaxExpense": "287000000", "interestAndDebtExpense": "None", "netIncomeFromContinuingOperations": "665000000", "comprehensiveIncomeNetOfTax": "None", "ebit": "993000000", "ebitda": "1140000000", "netIncome": "652000000"}, {"fiscalDateEnding": "2011-06-30", "reportedCurrency": "USD", "grossProfit": "1454000000", "totalRevenue": "7879000000", "costOfRevenue": "6425000000", "costofGoodsAndServicesSold": "6425000000", "operatingIncome": "949000000", "sellingGeneralAndAdministrative": "505000000", "researchAndDevelopment": "149000000", "operatingExpenses": "505000000", "investmentIncomeNet": "None", "netInterestIncome": "None", "interestIncome": "None", "interestExpense": "31000000", "nonInterestIncome": "None", "otherNonOperatingIncome": "41000000", "depreciation": "None", "depreciationAndAmortization": "145000000", "incomeBeforeTax": "959000000", "incomeTaxExpense": "293000000", "interestAndDebtExpense": "None", "netIncomeFromContinuingOperations": "666000000", "comprehensiveIncomeNetOfTax": "None", "ebit": "990000000", "ebitda": "1135000000", "netIncome": "653000000"}, {"fiscalDateEnding": "2011-03-31", "reportedCurrency": "USD", "grossProfit": "1438000000", "totalRevenue": "7798000000", "costOfRevenue": "6360000000", "costofGoodsAndServicesSold": "6360000000", "operatingIncome": "929000000", "sellingGeneralAndAdministrative": "509000000", "researchAndDevelopment": "115000000", "operatingExpenses": "509000000", "investmentIncomeNet": "None", "netInterestIncome": "None", "interestIncome": "None", "interestExpense": "34000000", "nonInterestIncome": "None", "otherNonOperatingIncome": "1000000", "depreciation": "None", "depreciationAndAmortization": "143000000", "incomeBeforeTax": "896000000", "incomeTaxExpense": "278000000", "interestAndDebtExpense": "None", "netIncomeFromContinuingOperations": "618000000", "comprehensiveIncomeNetOfTax": "None", "ebit": "930000000", "ebitda": "1073000000", "netIncome": "618000000"}, {"fiscalDateEnding": "2010-12-31", "reportedCurrency": "USD", "grossProfit": "1595000000", "totalRevenue": "8601000000", "costOfRevenue": "7006000000", "costofGoodsAndServicesSold": "7006000000", "operatingIncome": "1076000000", "sellingGeneralAndAdministrative": "519000000", "researchAndDevelopment": "124000000", "operatingExpenses": "519000000", "investmentIncomeNet": "None", "netInterestIncome": "None", "interestIncome": "None", "interestExpense": "36000000", "nonInterestIncome": "None", "otherNonOperatingIncome": "None", "depreciation": "None", "depreciationAndAmortization": "145000000", "incomeBeforeTax": "1043000000", "incomeTaxExpense": "314000000", "interestAndDebtExpense": "None", "netIncomeFromContinuingOperations": "729000000", "comprehensiveIncomeNetOfTax": "None", "ebit": "1079000000", "ebitda": "1224000000", "netIncome": "729000000"}, {"fiscalDateEnding": "2010-09-30", "reportedCurrency": "USD", "grossProfit": "1447000000", "totalRevenue": "8011000000", "costOfRevenue": "6564000000", "costofGoodsAndServicesSold": "6564000000", "operatingIncome": "966000000", "sellingGeneralAndAdministrative": "481000000", "researchAndDevelopment": "115000000", "operatingExpenses": "481000000", "investmentIncomeNet": "None", "netInterestIncome": "None", "interestIncome": "None", "interestExpense": "39000000", "nonInterestIncome": "None", "otherNonOperatingIncome": "None", "depreciation": "None", "depreciationAndAmortization": "141000000", "incomeBeforeTax": "928000000", "incomeTaxExpense": "279000000", "interestAndDebtExpense": "None", "netIncomeFromContinuingOperations": "649000000", "comprehensiveIncomeNetOfTax": "None", "ebit": "967000000", "ebitda": "1108000000", "netIncome": "650000000"}, {"fiscalDateEnding": "2010-06-30", "reportedCurrency": "USD", "grossProfit": "1463000000", "totalRevenue": "8104000000", "costOfRevenue": "6641000000", "costofGoodsAndServicesSold": "6641000000", "operatingIncome": "985000000", "sellingGeneralAndAdministrative": "478000000", "researchAndDevelopment": "122000000", "operatingExpenses": "478000000", "investmentIncomeNet": "None", "netInterestIncome": "None", "interestIncome": "None", "interestExpense": "45000000", "nonInterestIncome": "None", "otherNonOperatingIncome": "2000000", "depreciation": "None", "depreciationAndAmortization": "140000000", "incomeBeforeTax": "945000000", "incomeTaxExpense": "294000000", "interestAndDebtExpense": "None", "netIncomeFromContinuingOperations": "651000000", "comprehensiveIncomeNetOfTax": "None", "ebit": "990000000", "ebitda": "1130000000", "netIncome": "648000000"}, {"fiscalDateEnding": "2010-03-31", "reportedCurrency": "USD", "grossProfit": "1404000000", "totalRevenue": "7750000000", "costOfRevenue": "6346000000", "costofGoodsAndServicesSold": "6346000000", "operatingIncome": "918000000", "sellingGeneralAndAdministrative": "486000000", "researchAndDevelopment": "147000000", "operatingExpenses": "486000000", "investmentIncomeNet": "None", "netInterestIncome": "None", "interestIncome": "None", "interestExpense": "47000000", "nonInterestIncome": "None", "otherNonOperatingIncome": "None", "depreciation": "None", "depreciationAndAmortization": "143000000", "incomeBeforeTax": "874000000", "incomeTaxExpense": "275000000", "interestAndDebtExpense": "None", "netIncomeFromContinuingOperations": "599000000", "comprehensiveIncomeNetOfTax": "None", "ebit": "921000000", "ebitda": "1064000000", "netIncome": "597000000"}, {"fiscalDateEnding": "2009-12-31", "reportedCurrency": "USD", "grossProfit": "2905000000", "totalRevenue": "7898000000", "costOfRevenue": "4993000000", "costofGoodsAndServicesSold": "4993000000", "operatingIncome": "951000000", "sellingGeneralAndAdministrative": "483000000", "researchAndDevelopment": "123000000", "operatingExpenses": "1954000000", "investmentIncomeNet": "None", "netInterestIncome": "None", "interestIncome": "None", "interestExpense": "44000000", "nonInterestIncome": "None", "otherNonOperatingIncome": "None", "depreciation": "None", "depreciationAndAmortization": "144000000", "incomeBeforeTax": "909000000", "incomeTaxExpense": "291000000", "interestAndDebtExpense": "None", "netIncomeFromContinuingOperations": "0", "comprehensiveIncomeNetOfTax": "None", "ebit": "953000000", "ebitda": "1097000000", "netIncome": "614000000"}, {"fiscalDateEnding": "2009-09-30", "reportedCurrency": "USD", "grossProfit": "1326000000", "totalRevenue": "7719000000", "costOfRevenue": "6393000000", "costofGoodsAndServicesSold": "6393000000", "operatingIncome": "874000000", "sellingGeneralAndAdministrative": "452000000", "researchAndDevelopment": "140000000", "operatingExpenses": "452000000", "investmentIncomeNet": "None", "netInterestIncome": "None", "interestIncome": "None", "interestExpense": "42000000", "nonInterestIncome": "None", "otherNonOperatingIncome": "-6000000", "depreciation": "None", "depreciationAndAmortization": "139000000", "incomeBeforeTax": "828000000", "incomeTaxExpense": "253000000", "interestAndDebtExpense": "None", "netIncomeFromContinuingOperations": "575000000", "comprehensiveIncomeNetOfTax": "None", "ebit": "870000000", "ebitda": "1009000000", "netIncome": "572000000"}, {"fiscalDateEnding": "2009-06-30", "reportedCurrency": "USD", "grossProfit": "1454000000", "totalRevenue": "8100000000", "costOfRevenue": "6646000000", "costofGoodsAndServicesSold": "6646000000", "operatingIncome": "945000000", "sellingGeneralAndAdministrative": "509000000", "researchAndDevelopment": "119000000", "operatingExpenses": "509000000", "investmentIncomeNet": "None", "netInterestIncome": "None", "interestIncome": "None", "interestExpense": "43000000", "nonInterestIncome": "None", "otherNonOperatingIncome": "None", "depreciation": "None", "depreciationAndAmortization": "140000000", "incomeBeforeTax": "907000000", "incomeTaxExpense": "286000000", "interestAndDebtExpense": "None", "netIncomeFromContinuingOperations": "621000000", "comprehensiveIncomeNetOfTax": "None", "ebit": "950000000", "ebitda": "1090000000", "netIncome": "618000000"}, {"fiscalDateEnding": "2009-03-31", "reportedCurrency": "USD", "grossProfit": "1415000000", "totalRevenue": "8264000000", "costOfRevenue": "6849000000", "costofGoodsAndServicesSold": "6849000000", "operatingIncome": "905000000", "sellingGeneralAndAdministrative": "510000000", "researchAndDevelopment": "138000000", "operatingExpenses": "510000000", "investmentIncomeNet": "None", "netInterestIncome": "None", "interestIncome": "None", "interestExpense": "42000000", "nonInterestIncome": "None", "otherNonOperatingIncome": "None", "depreciation": "None", "depreciationAndAmortization": "139000000", "incomeBeforeTax": "869000000", "incomeTaxExpense": "276000000", "interestAndDebtExpense": "None", "netIncomeFromContinuingOperations": "0", "comprehensiveIncomeNetOfTax": "None", "ebit": "911000000", "ebitda": "1050000000", "netIncome": "590000000"}, {"fiscalDateEnding": "2008-12-31", "reportedCurrency": "USD", "grossProfit": "938000000", "totalRevenue": "7852000000", "costOfRevenue": "6914000000", "costofGoodsAndServicesSold": "6914000000", "operatingIncome": "938000000", "sellingGeneralAndAdministrative": "424000000", "researchAndDevelopment": "125000000", "operatingExpenses": "6914000000", "investmentIncomeNet": "None", "netInterestIncome": "None", "interestIncome": "None", "interestExpense": "24000000", "nonInterestIncome": "None", "otherNonOperatingIncome": "None", "depreciation": "None", "depreciationAndAmortization": "121000000", "incomeBeforeTax": "928000000", "incomeTaxExpense": "298000000", "interestAndDebtExpense": "None", "netIncomeFromContinuingOperations": "0", "comprehensiveIncomeNetOfTax": "None", "ebit": "1022000000", "ebitda": "1143000000", "netIncome": "612000000"}, {"fiscalDateEnding": "2008-09-30", "reportedCurrency": "USD", "grossProfit": "1347000000", "totalRevenue": "7140000000", "costOfRevenue": "5793000000", "costofGoodsAndServicesSold": "5793000000", "operatingIncome": "933000000", "sellingGeneralAndAdministrative": "414000000", "researchAndDevelopment": "115000000", "operatingExpenses": "414000000", "investmentIncomeNet": "None", "netInterestIncome": "None", "interestIncome": "None", "interestExpense": "27000000", "nonInterestIncome": "None", "otherNonOperatingIncome": "None", "depreciation": "None", "depreciationAndAmortization": "113000000", "incomeBeforeTax": "922000000", "incomeTaxExpense": "288000000", "interestAndDebtExpense": "None", "netIncomeFromContinuingOperations": "0", "comprehensiveIncomeNetOfTax": "None", "ebit": "949000000", "ebitda": "1062000000", "netIncome": "634000000"}, {"fiscalDateEnding": "2008-06-30", "reportedCurrency": "USD", "grossProfit": "921000000", "totalRevenue": "7303000000", "costOfRevenue": "6382000000", "costofGoodsAndServicesSold": "6382000000", "operatingIncome": "921000000", "sellingGeneralAndAdministrative": "451000000", "researchAndDevelopment": "124000000", "operatingExpenses": "451000000", "investmentIncomeNet": "None", "netInterestIncome": "None", "interestIncome": "None", "interestExpense": "33000000", "nonInterestIncome": "None", "otherNonOperatingIncome": "None", "depreciation": "None", "depreciationAndAmortization": "111000000", "incomeBeforeTax": "909000000", "incomeTaxExpense": "268000000", "interestAndDebtExpense": "None", "netIncomeFromContinuingOperations": "0", "comprehensiveIncomeNetOfTax": "None", "ebit": "942000000", "ebitda": "1053000000", "netIncome": "641000000"}, {"fiscalDateEnding": "2008-03-31", "reportedCurrency": "USD", "grossProfit": "861000000", "totalRevenue": "7005000000", "costOfRevenue": "6144000000", "costofGoodsAndServicesSold": "6144000000", "operatingIncome": "861000000", "sellingGeneralAndAdministrative": "430000000", "researchAndDevelopment": "110000000", "operatingExpenses": "430000000", "investmentIncomeNet": "None", "netInterestIncome": "None", "interestIncome": "None", "interestExpense": "27000000", "nonInterestIncome": "None", "otherNonOperatingIncome": "None", "depreciation": "None", "depreciationAndAmortization": "102000000", "incomeBeforeTax": "845000000", "incomeTaxExpense": "272000000", "interestAndDebtExpense": "None", "netIncomeFromContinuingOperations": "0", "comprehensiveIncomeNetOfTax": "None", "ebit": "861000000", "ebitda": "963000000", "netIncome": "572000000"}, {"fiscalDateEnding": "2007-12-31", "reportedCurrency": "USD", "grossProfit": "871000000", "totalRevenue": "7515000000", "costOfRevenue": "6644000000", "costofGoodsAndServicesSold": "6644000000", "operatingIncome": "871000000", "sellingGeneralAndAdministrative": "426000000", "researchAndDevelopment": "124000000", "operatingExpenses": "-34966000000", "investmentIncomeNet": "None", "netInterestIncome": "None", "interestIncome": "None", "interestExpense": "11000000", "nonInterestIncome": "None", "otherNonOperatingIncome": "None", "depreciation": "None", "depreciationAndAmortization": "111000000", "incomeBeforeTax": "860000000", "incomeTaxExpense": "282000000", "interestAndDebtExpense": "None", "netIncomeFromContinuingOperations": "0", "comprehensiveIncomeNetOfTax": "None", "ebit": "936000000", "ebitda": "1047000000", "netIncome": "579000000"}, {"fiscalDateEnding": "2007-09-30", "reportedCurrency": "USD", "grossProfit": "801000000", "totalRevenue": "6834000000", "costOfRevenue": "6033000000", "costofGoodsAndServicesSold": "6033000000", "operatingIncome": "801000000", "sellingGeneralAndAdministrative": "407000000", "researchAndDevelopment": "113000000", "operatingExpenses": "6033000000", "investmentIncomeNet": "None", "netInterestIncome": "None", "interestIncome": "None", "interestExpense": "12000000", "nonInterestIncome": "None", "otherNonOperatingIncome": "None", "depreciation": "None", "depreciationAndAmortization": "105000000", "incomeBeforeTax": "791000000", "incomeTaxExpense": "247000000", "interestAndDebtExpense": "None", "netIncomeFromContinuingOperations": "0", "comprehensiveIncomeNetOfTax": "None", "ebit": "801000000", "ebitda": "906000000", "netIncome": "546000000"}, {"fiscalDateEnding": "2007-06-30", "reportedCurrency": "USD", "grossProfit": "760000000", "totalRevenue": "6591000000", "costOfRevenue": "5831000000", "costofGoodsAndServicesSold": "5831000000", "operatingIncome": "760000000", "sellingGeneralAndAdministrative": "417000000", "researchAndDevelopment": "95000000", "operatingExpenses": "417000000", "investmentIncomeNet": "None", "netInterestIncome": "None", "interestIncome": "None", "interestExpense": "29000000", "nonInterestIncome": "None", "otherNonOperatingIncome": "None", "depreciation": "None", "depreciationAndAmortization": "106000000", "incomeBeforeTax": "740000000", "incomeTaxExpense": "222000000", "interestAndDebtExpense": "None", "netIncomeFromContinuingOperations": "0", "comprehensiveIncomeNetOfTax": "None", "ebit": "760000000", "ebitda": "866000000", "netIncome": "513000000"}, {"fiscalDateEnding": "2007-03-31", "reportedCurrency": "USD", "grossProfit": "681000000", "totalRevenue": "6300000000", "costOfRevenue": "5619000000", "costofGoodsAndServicesSold": "5619000000", "operatingIncome": "681000000", "sellingGeneralAndAdministrative": "393000000", "researchAndDevelopment": "98000000", "operatingExpenses": "393000000", "investmentIncomeNet": "None", "netInterestIncome": "None", "interestIncome": "None", "interestExpense": "27000000", "nonInterestIncome": "None", "otherNonOperatingIncome": "None", "depreciation": "None", "depreciationAndAmortization": "101000000", "incomeBeforeTax": "656000000", "incomeTaxExpense": "216000000", "interestAndDebtExpense": "None", "netIncomeFromContinuingOperations": "0", "comprehensiveIncomeNetOfTax": "None", "ebit": "681000000", "ebitda": "782000000", "netIncome": "434000000"}, {"fiscalDateEnding": "2006-12-31", "reportedCurrency": "USD", "grossProfit": "-416000000", "totalRevenue": "6514000000", "costOfRevenue": "6930000000", "costofGoodsAndServicesSold": "6930000000", "operatingIncome": "703000000", "sellingGeneralAndAdministrative": "382000000", "researchAndDevelopment": "377000000", "operatingExpenses": "-1119000000", "investmentIncomeNet": "None", "netInterestIncome": "None", "interestIncome": "None", "interestExpense": "27000000", "nonInterestIncome": "None", "otherNonOperatingIncome": "None", "depreciation": "None", "depreciationAndAmortization": "110000000", "incomeBeforeTax": "676000000", "incomeTaxExpense": "213000000", "interestAndDebtExpense": "None", "netIncomeFromContinuingOperations": "0", "comprehensiveIncomeNetOfTax": "None", "ebit": "862000000", "ebitda": "972000000", "netIncome": "408000000"}, {"fiscalDateEnding": "2006-09-30", "reportedCurrency": "USD", "grossProfit": "677000000", "totalRevenue": "6069000000", "costOfRevenue": "5392000000", "costofGoodsAndServicesSold": "5392000000", "operatingIncome": "677000000", "sellingGeneralAndAdministrative": "371000000", "researchAndDevelopment": "0", "operatingExpenses": "371000000", "investmentIncomeNet": "None", "netInterestIncome": "None", "interestIncome": "None", "interestExpense": "40000000", "nonInterestIncome": "None", "otherNonOperatingIncome": "None", "depreciation": "None", "depreciationAndAmortization": "97000000", "incomeBeforeTax": "644000000", "incomeTaxExpense": "204000000", "interestAndDebtExpense": "None", "netIncomeFromContinuingOperations": "0", "comprehensiveIncomeNetOfTax": "None", "ebit": "677000000", "ebitda": "774000000", "netIncome": "438000000"}, {"fiscalDateEnding": "2006-06-30", "reportedCurrency": "USD", "grossProfit": "1034000000", "totalRevenue": "5934000000", "costOfRevenue": "4900000000", "costofGoodsAndServicesSold": "4900000000", "operatingIncome": "649000000", "sellingGeneralAndAdministrative": "385000000", "researchAndDevelopment": "0", "operatingExpenses": "385000000", "investmentIncomeNet": "None", "netInterestIncome": "None", "interestIncome": "None", "interestExpense": "37000000", "nonInterestIncome": "None", "otherNonOperatingIncome": "None", "depreciation": "None", "depreciationAndAmortization": "94000000", "incomeBeforeTax": "628000000", "incomeTaxExpense": "208000000", "interestAndDebtExpense": "None", "netIncomeFromContinuingOperations": "0", "comprehensiveIncomeNetOfTax": "None", "ebit": "649000000", "ebitda": "743000000", "netIncome": "636000000"}, {"fiscalDateEnding": "2006-03-31", "reportedCurrency": "USD", "grossProfit": "596000000", "totalRevenue": "5546000000", "costOfRevenue": "4950000000", "costofGoodsAndServicesSold": "4950000000", "operatingIncome": "596000000", "sellingGeneralAndAdministrative": "363000000", "researchAndDevelopment": "0", "operatingExpenses": "364000000", "investmentIncomeNet": "None", "netInterestIncome": "None", "interestIncome": "None", "interestExpense": "17000000", "nonInterestIncome": "None", "otherNonOperatingIncome": "None", "depreciation": "None", "depreciationAndAmortization": "83000000", "incomeBeforeTax": "579000000", "incomeTaxExpense": "192000000", "interestAndDebtExpense": "None", "netIncomeFromContinuingOperations": "0", "comprehensiveIncomeNetOfTax": "None", "ebit": "596000000", "ebitda": "679000000", "netIncome": "374000000"}, {"fiscalDateEnding": "2005-12-31", "reportedCurrency": "USD", "grossProfit": "-343000000", "totalRevenue": "5831000000", "costOfRevenue": "6174000000", "costofGoodsAndServicesSold": "6174000000", "operatingIncome": "612000000", "sellingGeneralAndAdministrative": "955000000", "researchAndDevelopment": "344000000", "operatingExpenses": "-955000000", "investmentIncomeNet": "None", "netInterestIncome": "None", "interestIncome": "None", "interestExpense": "25000000", "nonInterestIncome": "None", "otherNonOperatingIncome": "None", "depreciation": "None", "depreciationAndAmortization": "87000000", "incomeBeforeTax": "611000000", "incomeTaxExpense": "205000000", "interestAndDebtExpense": "None", "netIncomeFromContinuingOperations": "0", "comprehensiveIncomeNetOfTax": "None", "ebit": "787000000", "ebitda": "874000000", "netIncome": "406000000"}]}