{"symbol": "APEI", "annualReports": [{"fiscalDateEnding": "2024-12-31", "reportedCurrency": "USD", "grossProfit": "328856000", "totalRevenue": "624559000", "costOfRevenue": "295703000", "costofGoodsAndServicesSold": "295703000", "operatingIncome": "33066000", "sellingGeneralAndAdministrative": "141961000", "researchAndDevelopment": "None", "operatingExpenses": "295790000", "investmentIncomeNet": "None", "netInterestIncome": "-2127000", "interestIncome": "None", "interestExpense": "2127000", "nonInterestIncome": "None", "otherNonOperatingIncome": "None", "depreciation": "None", "depreciationAndAmortization": "19303000", "incomeBeforeTax": "30939000", "incomeTaxExpense": "10419000", "interestAndDebtExpense": "None", "netIncomeFromContinuingOperations": "16113000", "comprehensiveIncomeNetOfTax": "None", "ebit": "33066000", "ebitda": "52369000", "netIncome": "16113000"}, {"fiscalDateEnding": "2023-12-31", "reportedCurrency": "USD", "grossProfit": "307683000", "totalRevenue": "600545000", "costOfRevenue": "292862000", "costofGoodsAndServicesSold": "292862000", "operatingIncome": "-48306000", "sellingGeneralAndAdministrative": "128239000", "researchAndDevelopment": "None", "operatingExpenses": "355989000", "investmentIncomeNet": "None", "netInterestIncome": "-11057000", "interestIncome": "None", "interestExpense": "4459000", "nonInterestIncome": "None", "otherNonOperatingIncome": "None", "depreciation": "None", "depreciationAndAmortization": "27816000", "incomeBeforeTax": "-58001000", "incomeTaxExpense": "-10715000", "interestAndDebtExpense": "None", "netIncomeFromContinuingOperations": "-66835000", "comprehensiveIncomeNetOfTax": "None", "ebit": "-48306000", "ebitda": "-20490000", "netIncome": "-47286000"}, {"fiscalDateEnding": "2022-12-31", "reportedCurrency": "USD", "grossProfit": "317856000", "totalRevenue": "606328000", "costOfRevenue": "288472000", "costofGoodsAndServicesSold": "288472000", "operatingIncome": "-137348000", "sellingGeneralAndAdministrative": "120352000", "researchAndDevelopment": "None", "operatingExpenses": "455204000", "investmentIncomeNet": "None", "netInterestIncome": "-17728000", "interestIncome": "None", "interestExpense": "17728000", "nonInterestIncome": "None", "otherNonOperatingIncome": "-21000", "depreciation": "None", "depreciationAndAmortization": "32127000", "incomeBeforeTax": "-151269000", "incomeTaxExpense": "-36276000", "interestAndDebtExpense": "None", "netIncomeFromContinuingOperations": "-114972000", "comprehensiveIncomeNetOfTax": "None", "ebit": "-133520000", "ebitda": "-101393000", "netIncome": "-114993000"}, {"fiscalDateEnding": "2021-12-31", "reportedCurrency": "USD", "grossProfit": "246181000", "totalRevenue": "418803000", "costOfRevenue": "172622000", "costofGoodsAndServicesSold": "172622000", "operatingIncome": "30371000", "sellingGeneralAndAdministrative": "103379000", "researchAndDevelopment": "None", "operatingExpenses": "215810000", "investmentIncomeNet": "None", "netInterestIncome": "-4277000", "interestIncome": "None", "interestExpense": "4277000", "nonInterestIncome": "None", "otherNonOperatingIncome": "-831000", "depreciation": "None", "depreciationAndAmortization": "17832000", "incomeBeforeTax": "25263000", "incomeTaxExpense": "7511000", "interestAndDebtExpense": "None", "netIncomeFromContinuingOperations": "18583000", "comprehensiveIncomeNetOfTax": "None", "ebit": "30371000", "ebitda": "48203000", "netIncome": "17752000"}, {"fiscalDateEnding": "2020-12-31", "reportedCurrency": "USD", "grossProfit": "199624000", "totalRevenue": "321785000", "costOfRevenue": "122161000", "costofGoodsAndServicesSold": "122161000", "operatingIncome": "24757000", "sellingGeneralAndAdministrative": "88043000", "researchAndDevelopment": "None", "operatingExpenses": "174867000", "investmentIncomeNet": "None", "netInterestIncome": "1092000", "interestIncome": "1092000", "interestExpense": "617000", "nonInterestIncome": "None", "otherNonOperatingIncome": "-7000", "depreciation": "None", "depreciationAndAmortization": "12984000", "incomeBeforeTax": "25849000", "incomeTaxExpense": "7020000", "interestAndDebtExpense": "None", "netIncomeFromContinuingOperations": "18829000", "comprehensiveIncomeNetOfTax": "None", "ebit": "25608000", "ebitda": "38592000", "netIncome": "18822000"}, {"fiscalDateEnding": "2019-12-31", "reportedCurrency": "USD", "grossProfit": "174354000", "totalRevenue": "286270000", "costOfRevenue": "111916000", "costofGoodsAndServicesSold": "111916000", "operatingIncome": "28540000", "sellingGeneralAndAdministrative": "78082000", "researchAndDevelopment": "None", "operatingExpenses": "153706000", "investmentIncomeNet": "None", "netInterestIncome": "3908000", "interestIncome": "3908000", "interestExpense": "13340000", "nonInterestIncome": "None", "otherNonOperatingIncome": "None", "depreciation": "None", "depreciationAndAmortization": "15596000", "incomeBeforeTax": "16664000", "incomeTaxExpense": "5187000", "interestAndDebtExpense": "None", "netIncomeFromContinuingOperations": "11477000", "comprehensiveIncomeNetOfTax": "None", "ebit": "28540000", "ebitda": "44136000", "netIncome": "10013000"}, {"fiscalDateEnding": "2018-12-31", "reportedCurrency": "USD", "grossProfit": "182407000", "totalRevenue": "297687000", "costOfRevenue": "115280000", "costofGoodsAndServicesSold": "115280000", "operatingIncome": "33408000", "sellingGeneralAndAdministrative": "74456000", "researchAndDevelopment": "0", "operatingExpenses": "148999000", "investmentIncomeNet": "None", "netInterestIncome": "2915000", "interestIncome": "2915000", "interestExpense": "0", "nonInterestIncome": "None", "otherNonOperatingIncome": "None", "depreciation": "None", "depreciationAndAmortization": "17501000", "incomeBeforeTax": "35441000", "incomeTaxExpense": "9287000", "interestAndDebtExpense": "None", "netIncomeFromContinuingOperations": "25639000", "comprehensiveIncomeNetOfTax": "None", "ebit": "34290000", "ebitda": "51791000", "netIncome": "25639000"}, {"fiscalDateEnding": "2017-12-31", "reportedCurrency": "USD", "grossProfit": "183087000", "totalRevenue": "299248000", "costOfRevenue": "116161000", "costofGoodsAndServicesSold": "116161000", "operatingIncome": "34859000", "sellingGeneralAndAdministrative": "69024000", "researchAndDevelopment": "0", "operatingExpenses": "146135000", "investmentIncomeNet": "None", "netInterestIncome": "185000", "interestIncome": "185000", "interestExpense": "0", "nonInterestIncome": "None", "otherNonOperatingIncome": "-2430000", "depreciation": "None", "depreciationAndAmortization": "18776000", "incomeBeforeTax": "35044000", "incomeTaxExpense": "11493000", "interestAndDebtExpense": "None", "netIncomeFromContinuingOperations": "21121000", "comprehensiveIncomeNetOfTax": "None", "ebit": "36952000", "ebitda": "55728000", "netIncome": "21121000"}, {"fiscalDateEnding": "2016-12-31", "reportedCurrency": "USD", "grossProfit": "196126000", "totalRevenue": "313139000", "costOfRevenue": "117013000", "costofGoodsAndServicesSold": "117013000", "operatingIncome": "38276000", "sellingGeneralAndAdministrative": "68666000", "researchAndDevelopment": "0", "operatingExpenses": "147145000", "investmentIncomeNet": "None", "netInterestIncome": "116000", "interestIncome": "116000", "interestExpense": "0", "nonInterestIncome": "None", "otherNonOperatingIncome": "703000", "depreciation": "None", "depreciationAndAmortization": "19384000", "incomeBeforeTax": "38392000", "incomeTaxExpense": "14940000", "interestAndDebtExpense": "None", "netIncomeFromContinuingOperations": "24155000", "comprehensiveIncomeNetOfTax": "None", "ebit": "48981000", "ebitda": "68365000", "netIncome": "24155000"}, {"fiscalDateEnding": "2015-12-31", "reportedCurrency": "USD", "grossProfit": "209062000", "totalRevenue": "327910000", "costOfRevenue": "118848000", "costofGoodsAndServicesSold": "118848000", "operatingIncome": "52281000", "sellingGeneralAndAdministrative": "73864000", "researchAndDevelopment": "0", "operatingExpenses": "156781000", "investmentIncomeNet": "None", "netInterestIncome": "None", "interestIncome": "115000", "interestExpense": "0", "nonInterestIncome": "None", "otherNonOperatingIncome": "90000", "depreciation": "None", "depreciationAndAmortization": "20520000", "incomeBeforeTax": "52396000", "incomeTaxExpense": "20072000", "interestAndDebtExpense": "None", "netIncomeFromContinuingOperations": "32324000", "comprehensiveIncomeNetOfTax": "None", "ebit": "53098000", "ebitda": "73618000", "netIncome": "32414000"}, {"fiscalDateEnding": "2014-12-31", "reportedCurrency": "USD", "grossProfit": "226255000", "totalRevenue": "350020000", "costOfRevenue": "123765000", "costofGoodsAndServicesSold": "123765000", "operatingIncome": "65832000", "sellingGeneralAndAdministrative": "75073000", "researchAndDevelopment": "0", "operatingExpenses": "160423000", "investmentIncomeNet": "None", "netInterestIncome": "None", "interestIncome": "None", "interestExpense": "0", "nonInterestIncome": "None", "otherNonOperatingIncome": "-166000", "depreciation": "None", "depreciationAndAmortization": "16121000", "incomeBeforeTax": "66193000", "incomeTaxExpense": "25150000", "interestAndDebtExpense": "None", "netIncomeFromContinuingOperations": "40877000", "comprehensiveIncomeNetOfTax": "None", "ebit": "65947000", "ebitda": "82068000", "netIncome": "40877000"}, {"fiscalDateEnding": "2013-12-31", "reportedCurrency": "USD", "grossProfit": "216695000", "totalRevenue": "329479000", "costOfRevenue": "112784000", "costofGoodsAndServicesSold": "112784000", "operatingIncome": "67437000", "sellingGeneralAndAdministrative": "70063000", "researchAndDevelopment": "0", "operatingExpenses": "149258000", "investmentIncomeNet": "None", "netInterestIncome": "None", "interestIncome": "None", "interestExpense": "0", "nonInterestIncome": "None", "otherNonOperatingIncome": "-67000", "depreciation": "None", "depreciationAndAmortization": "13508000", "incomeBeforeTax": "67746000", "incomeTaxExpense": "25645000", "interestAndDebtExpense": "None", "netIncomeFromContinuingOperations": "42101000", "comprehensiveIncomeNetOfTax": "None", "ebit": "67437000", "ebitda": "80945000", "netIncome": "42034000"}, {"fiscalDateEnding": "2012-12-31", "reportedCurrency": "USD", "grossProfit": "203324000", "totalRevenue": "313516000", "costOfRevenue": "110192000", "costofGoodsAndServicesSold": "110192000", "operatingIncome": "68802000", "sellingGeneralAndAdministrative": "63615000", "researchAndDevelopment": "0", "operatingExpenses": "134522000", "investmentIncomeNet": "None", "netInterestIncome": "None", "interestIncome": "None", "interestExpense": "0", "nonInterestIncome": "None", "otherNonOperatingIncome": "-86000", "depreciation": "None", "depreciationAndAmortization": "11146000", "incomeBeforeTax": "68937000", "incomeTaxExpense": "26528000", "interestAndDebtExpense": "None", "netIncomeFromContinuingOperations": "42409000", "comprehensiveIncomeNetOfTax": "None", "ebit": "68802000", "ebitda": "79948000", "netIncome": "42323000"}, {"fiscalDateEnding": "2011-12-31", "reportedCurrency": "USD", "grossProfit": "165161000", "totalRevenue": "260377000", "costOfRevenue": "95216000", "costofGoodsAndServicesSold": "95216000", "operatingIncome": "62859000", "sellingGeneralAndAdministrative": "48350000", "researchAndDevelopment": "0", "operatingExpenses": "102302000", "investmentIncomeNet": "None", "netInterestIncome": "None", "interestIncome": "None", "interestExpense": "0", "nonInterestIncome": "None", "otherNonOperatingIncome": "109000", "depreciation": "None", "depreciationAndAmortization": "9239000", "incomeBeforeTax": "62968000", "incomeTaxExpense": "22211000", "interestAndDebtExpense": "None", "netIncomeFromContinuingOperations": "40757000", "comprehensiveIncomeNetOfTax": "None", "ebit": "62859000", "ebitda": "72098000", "netIncome": "40757000"}, {"fiscalDateEnding": "2010-12-31", "reportedCurrency": "USD", "grossProfit": "122865000", "totalRevenue": "198174000", "costOfRevenue": "75309000", "costofGoodsAndServicesSold": "75309000", "operatingIncome": "50022000", "sellingGeneralAndAdministrative": "32045000", "researchAndDevelopment": "0", "operatingExpenses": "72843000", "investmentIncomeNet": "None", "netInterestIncome": "None", "interestIncome": "None", "interestExpense": "0", "nonInterestIncome": "None", "otherNonOperatingIncome": "111000", "depreciation": "None", "depreciationAndAmortization": "6502000", "incomeBeforeTax": "50133000", "incomeTaxExpense": "20265000", "interestAndDebtExpense": "None", "netIncomeFromContinuingOperations": "29868000", "comprehensiveIncomeNetOfTax": "None", "ebit": "50022000", "ebitda": "56524000", "netIncome": "29868000"}, {"fiscalDateEnding": "2009-12-31", "reportedCurrency": "USD", "grossProfit": "90615000", "totalRevenue": "148998000", "costOfRevenue": "58383000", "costofGoodsAndServicesSold": "58383000", "operatingIncome": "39866000", "sellingGeneralAndAdministrative": "25039000", "researchAndDevelopment": "0", "operatingExpenses": "50749000", "investmentIncomeNet": "None", "netInterestIncome": "None", "interestIncome": "None", "interestExpense": "0", "nonInterestIncome": "None", "otherNonOperatingIncome": "94000", "depreciation": "None", "depreciationAndAmortization": "5231000", "incomeBeforeTax": "39960000", "incomeTaxExpense": "16017000", "interestAndDebtExpense": "None", "netIncomeFromContinuingOperations": "23943000", "comprehensiveIncomeNetOfTax": "None", "ebit": "39866000", "ebitda": "45097000", "netIncome": "23943000"}, {"fiscalDateEnding": "2008-12-31", "reportedCurrency": "USD", "grossProfit": "63586000", "totalRevenue": "107147000", "costOfRevenue": "43561000", "costofGoodsAndServicesSold": "43561000", "operatingIncome": "25688000", "sellingGeneralAndAdministrative": "33663000", "researchAndDevelopment": "None", "operatingExpenses": "37898000", "investmentIncomeNet": "None", "netInterestIncome": "None", "interestIncome": "None", "interestExpense": "0", "nonInterestIncome": "None", "otherNonOperatingIncome": "None", "depreciation": "None", "depreciationAndAmortization": "4235000", "incomeBeforeTax": "26394000", "incomeTaxExpense": "10207000", "interestAndDebtExpense": "None", "netIncomeFromContinuingOperations": "None", "comprehensiveIncomeNetOfTax": "None", "ebit": "25688000", "ebitda": "29923000", "netIncome": "16187000"}, {"fiscalDateEnding": "2007-12-31", "reportedCurrency": "USD", "grossProfit": "39616000", "totalRevenue": "69095000", "costOfRevenue": "29479000", "costofGoodsAndServicesSold": "29479000", "operatingIncome": "14691000", "sellingGeneralAndAdministrative": "22100000", "researchAndDevelopment": "None", "operatingExpenses": "24925000", "investmentIncomeNet": "None", "netInterestIncome": "None", "interestIncome": "None", "interestExpense": "0", "nonInterestIncome": "None", "otherNonOperatingIncome": "None", "depreciation": "None", "depreciationAndAmortization": "2825000", "incomeBeforeTax": "15579000", "incomeTaxExpense": "6829000", "interestAndDebtExpense": "None", "netIncomeFromContinuingOperations": "None", "comprehensiveIncomeNetOfTax": "None", "ebit": "14691000", "ebitda": "17516000", "netIncome": "8750000"}, {"fiscalDateEnding": "2006-12-31", "reportedCurrency": "USD", "grossProfit": "22086000", "totalRevenue": "40045000", "costOfRevenue": "17959000", "costofGoodsAndServicesSold": "17959000", "operatingIncome": "2940000", "sellingGeneralAndAdministrative": "14045000", "researchAndDevelopment": "None", "operatingExpenses": "19146000", "investmentIncomeNet": "None", "netInterestIncome": "None", "interestIncome": "None", "interestExpense": "0", "nonInterestIncome": "None", "otherNonOperatingIncome": "None", "depreciation": "None", "depreciationAndAmortization": "1953000", "incomeBeforeTax": "3229000", "incomeTaxExpense": "771000", "interestAndDebtExpense": "None", "netIncomeFromContinuingOperations": "None", "comprehensiveIncomeNetOfTax": "None", "ebit": "6088000", "ebitda": "8041000", "netIncome": "1798000"}, {"fiscalDateEnding": "2005-12-31", "reportedCurrency": "USD", "grossProfit": "14931000", "totalRevenue": "28178000", "costOfRevenue": "13247000", "costofGoodsAndServicesSold": "13247000", "operatingIncome": "2224000", "sellingGeneralAndAdministrative": "11407000", "researchAndDevelopment": "None", "operatingExpenses": "12707000", "investmentIncomeNet": "None", "netInterestIncome": "None", "interestIncome": "None", "interestExpense": "0", "nonInterestIncome": "None", "otherNonOperatingIncome": "None", "depreciation": "None", "depreciationAndAmortization": "1300000", "incomeBeforeTax": "2449000", "incomeTaxExpense": "1061000", "interestAndDebtExpense": "None", "netIncomeFromContinuingOperations": "None", "comprehensiveIncomeNetOfTax": "None", "ebit": "2224000", "ebitda": "3524000", "netIncome": "1085000"}], "quarterlyReports": [{"fiscalDateEnding": "2025-09-30", "reportedCurrency": "USD", "grossProfit": "88517000", "totalRevenue": "163215000", "costOfRevenue": "74698000", "costofGoodsAndServicesSold": "74698000", "operatingIncome": "9697000", "sellingGeneralAndAdministrative": "34689000", "researchAndDevelopment": "None", "operatingExpenses": "78820000", "investmentIncomeNet": "None", "netInterestIncome": "-1069000", "interestIncome": "None", "interestExpense": "1069000", "nonInterestIncome": "None", "otherNonOperatingIncome": "None", "depreciation": "None", "depreciationAndAmortization": "3946000", "incomeBeforeTax": "8628000", "incomeTaxExpense": "3068000", "interestAndDebtExpense": "None", "netIncomeFromContinuingOperations": "5560000", "comprehensiveIncomeNetOfTax": "None", "ebit": "9697000", "ebitda": "13643000", "netIncome": "5560000"}, {"fiscalDateEnding": "2025-06-30", "reportedCurrency": "USD", "grossProfit": "84343000", "totalRevenue": "162766000", "costOfRevenue": "78423000", "costofGoodsAndServicesSold": "78423000", "operatingIncome": "7025000", "sellingGeneralAndAdministrative": "38147000", "researchAndDevelopment": "None", "operatingExpenses": "77318000", "investmentIncomeNet": "None", "netInterestIncome": "-1108000", "interestIncome": "None", "interestExpense": "1108000", "nonInterestIncome": "None", "otherNonOperatingIncome": "None", "depreciation": "None", "depreciationAndAmortization": "4088000", "incomeBeforeTax": "5917000", "incomeTaxExpense": "1421000", "interestAndDebtExpense": "None", "netIncomeFromContinuingOperations": "4496000", "comprehensiveIncomeNetOfTax": "None", "ebit": "7060000", "ebitda": "11148000", "netIncome": "4496000"}, {"fiscalDateEnding": "2025-03-31", "reportedCurrency": "USD", "grossProfit": "89607000", "totalRevenue": "164551000", "costOfRevenue": "74944000", "costofGoodsAndServicesSold": "74944000", "operatingIncome": "12246000", "sellingGeneralAndAdministrative": "36407000", "researchAndDevelopment": "None", "operatingExpenses": "77361000", "investmentIncomeNet": "None", "netInterestIncome": "-887000", "interestIncome": "None", "interestExpense": "887000", "nonInterestIncome": "None", "otherNonOperatingIncome": "None", "depreciation": "None", "depreciationAndAmortization": "3992000", "incomeBeforeTax": "11359000", "incomeTaxExpense": "2466000", "interestAndDebtExpense": "None", "netIncomeFromContinuingOperations": "8893000", "comprehensiveIncomeNetOfTax": "None", "ebit": "12246000", "ebitda": "16238000", "netIncome": "8893000"}, {"fiscalDateEnding": "2024-12-31", "reportedCurrency": "USD", "grossProfit": "92449000", "totalRevenue": "164110000", "costOfRevenue": "71661000", "costofGoodsAndServicesSold": "71661000", "operatingIncome": "21535000", "sellingGeneralAndAdministrative": "36228000", "researchAndDevelopment": "None", "operatingExpenses": "70914000", "investmentIncomeNet": "None", "netInterestIncome": "-585000", "interestIncome": "None", "interestExpense": "585000", "nonInterestIncome": "None", "otherNonOperatingIncome": "None", "depreciation": "None", "depreciationAndAmortization": "3863000", "incomeBeforeTax": "20950000", "incomeTaxExpense": "7986000", "interestAndDebtExpense": "None", "netIncomeFromContinuingOperations": "12964000", "comprehensiveIncomeNetOfTax": "None", "ebit": "21535000", "ebitda": "25398000", "netIncome": "12964000"}, {"fiscalDateEnding": "2024-09-30", "reportedCurrency": "USD", "grossProfit": "77721000", "totalRevenue": "153122000", "costOfRevenue": "75401000", "costofGoodsAndServicesSold": "75401000", "operatingIncome": "4129000", "sellingGeneralAndAdministrative": "35030000", "researchAndDevelopment": "None", "operatingExpenses": "73592000", "investmentIncomeNet": "None", "netInterestIncome": "-631000", "interestIncome": "None", "interestExpense": "631000", "nonInterestIncome": "None", "otherNonOperatingIncome": "None", "depreciation": "None", "depreciationAndAmortization": "5080000", "incomeBeforeTax": "3498000", "incomeTaxExpense": "1236000", "interestAndDebtExpense": "None", "netIncomeFromContinuingOperations": "2262000", "comprehensiveIncomeNetOfTax": "None", "ebit": "4129000", "ebitda": "9209000", "netIncome": "2262000"}, {"fiscalDateEnding": "2024-06-30", "reportedCurrency": "USD", "grossProfit": "76679000", "totalRevenue": "152895000", "costOfRevenue": "76216000", "costofGoodsAndServicesSold": "76216000", "operatingIncome": "2220000", "sellingGeneralAndAdministrative": "34426000", "researchAndDevelopment": "None", "operatingExpenses": "74459000", "investmentIncomeNet": "None", "netInterestIncome": "-785000", "interestIncome": "None", "interestExpense": "785000", "nonInterestIncome": "None", "otherNonOperatingIncome": "None", "depreciation": "None", "depreciationAndAmortization": "5232000", "incomeBeforeTax": "355000", "incomeTaxExpense": "-16000", "interestAndDebtExpense": "None", "netIncomeFromContinuingOperations": "371000", "comprehensiveIncomeNetOfTax": "None", "ebit": "3183000", "ebitda": "8415000", "netIncome": "371000"}, {"fiscalDateEnding": "2024-03-31", "reportedCurrency": "USD", "grossProfit": "82007000", "totalRevenue": "154432000", "costOfRevenue": "72425000", "costofGoodsAndServicesSold": "72425000", "operatingIncome": "5182000", "sellingGeneralAndAdministrative": "36277000", "researchAndDevelopment": "None", "operatingExpenses": "76825000", "investmentIncomeNet": "None", "netInterestIncome": "-126000", "interestIncome": "None", "interestExpense": "126000", "nonInterestIncome": "None", "otherNonOperatingIncome": "None", "depreciation": "None", "depreciationAndAmortization": "5128000", "incomeBeforeTax": "1729000", "incomeTaxExpense": "1213000", "interestAndDebtExpense": "None", "netIncomeFromContinuingOperations": "516000", "comprehensiveIncomeNetOfTax": "None", "ebit": "5210000", "ebitda": "10338000", "netIncome": "516000"}, {"fiscalDateEnding": "2023-12-31", "reportedCurrency": "USD", "grossProfit": "82057000", "totalRevenue": "152804000", "costOfRevenue": "70747000", "costofGoodsAndServicesSold": "70747000", "operatingIncome": "15932000", "sellingGeneralAndAdministrative": "31332000", "researchAndDevelopment": "None", "operatingExpenses": "66125000", "investmentIncomeNet": "None", "netInterestIncome": "-791000", "interestIncome": "None", "interestExpense": "791000", "nonInterestIncome": "None", "otherNonOperatingIncome": "None", "depreciation": "None", "depreciationAndAmortization": "5081000", "incomeBeforeTax": "15138000", "incomeTaxExpense": "2124000", "interestAndDebtExpense": "None", "netIncomeFromContinuingOperations": "13014000", "comprehensiveIncomeNetOfTax": "None", "ebit": "21294000", "ebitda": "26375000", "netIncome": "13014000"}, {"fiscalDateEnding": "2023-09-30", "reportedCurrency": "USD", "grossProfit": "77610000", "totalRevenue": "150838000", "costOfRevenue": "73228000", "costofGoodsAndServicesSold": "73228000", "operatingIncome": "6400000", "sellingGeneralAndAdministrative": "30885000", "researchAndDevelopment": "None", "operatingExpenses": "71210000", "investmentIncomeNet": "None", "netInterestIncome": "-792000", "interestIncome": "None", "interestExpense": "792000", "nonInterestIncome": "None", "otherNonOperatingIncome": "None", "depreciation": "None", "depreciationAndAmortization": "7026000", "incomeBeforeTax": "384000", "incomeTaxExpense": "3712000", "interestAndDebtExpense": "None", "netIncomeFromContinuingOperations": "-3328000", "comprehensiveIncomeNetOfTax": "None", "ebit": "6400000", "ebitda": "13426000", "netIncome": "-3328000"}, {"fiscalDateEnding": "2023-06-30", "reportedCurrency": "USD", "grossProfit": "72216000", "totalRevenue": "147214000", "costOfRevenue": "74998000", "costofGoodsAndServicesSold": "74998000", "operatingIncome": "-65268000", "sellingGeneralAndAdministrative": "32533000", "researchAndDevelopment": "None", "operatingExpenses": "137484000", "investmentIncomeNet": "None", "netInterestIncome": "-1097000", "interestIncome": "None", "interestExpense": "1097000", "nonInterestIncome": "None", "otherNonOperatingIncome": "-4000", "depreciation": "None", "depreciationAndAmortization": "7953000", "incomeBeforeTax": "-66365000", "incomeTaxExpense": "-15137000", "interestAndDebtExpense": "None", "netIncomeFromContinuingOperations": "-51228000", "comprehensiveIncomeNetOfTax": "None", "ebit": "-65268000", "ebitda": "-57315000", "netIncome": "-51232000"}, {"fiscalDateEnding": "2023-03-31", "reportedCurrency": "USD", "grossProfit": "75800000", "totalRevenue": "149689000", "costOfRevenue": "73889000", "costofGoodsAndServicesSold": "73889000", "operatingIncome": "-5370000", "sellingGeneralAndAdministrative": "33488999", "researchAndDevelopment": "None", "operatingExpenses": "81170000", "investmentIncomeNet": "None", "netInterestIncome": "-1779000", "interestIncome": "None", "interestExpense": "1779000", "nonInterestIncome": "None", "otherNonOperatingIncome": "-5000", "depreciation": "None", "depreciationAndAmortization": "7756000", "incomeBeforeTax": "-4326001", "incomeTaxExpense": "1413999", "interestAndDebtExpense": "None", "netIncomeFromContinuingOperations": "-5735000", "comprehensiveIncomeNetOfTax": "None", "ebit": "-5369000", "ebitda": "2387000", "netIncome": "-5740000"}, {"fiscalDateEnding": "2022-12-31", "reportedCurrency": "USD", "grossProfit": "79570000", "totalRevenue": "152438000", "costOfRevenue": "72868000", "costofGoodsAndServicesSold": "72868000", "operatingIncome": "-262000", "sellingGeneralAndAdministrative": "29273000", "researchAndDevelopment": "None", "operatingExpenses": "79832000", "investmentIncomeNet": "None", "netInterestIncome": "-7389000", "interestIncome": "None", "interestExpense": "7389000", "nonInterestIncome": "None", "otherNonOperatingIncome": "-8000", "depreciation": "None", "depreciationAndAmortization": "7878000", "incomeBeforeTax": "-5411001", "incomeTaxExpense": "1123999", "interestAndDebtExpense": "None", "netIncomeFromContinuingOperations": "-6527000", "comprehensiveIncomeNetOfTax": "None", "ebit": "7752000", "ebitda": "15630000", "netIncome": "-6535000"}, {"fiscalDateEnding": "2022-09-30", "reportedCurrency": "USD", "grossProfit": "77718000", "totalRevenue": "149535000", "costOfRevenue": "71817000", "costofGoodsAndServicesSold": "71817000", "operatingIncome": "-1026000", "sellingGeneralAndAdministrative": "29667000", "researchAndDevelopment": "None", "operatingExpenses": "78744000", "investmentIncomeNet": "None", "netInterestIncome": "-3594000", "interestIncome": "None", "interestExpense": "3594000", "nonInterestIncome": "None", "otherNonOperatingIncome": "-2000", "depreciation": "None", "depreciationAndAmortization": "7982000", "incomeBeforeTax": "-2902001", "incomeTaxExpense": "859999", "interestAndDebtExpense": "None", "netIncomeFromContinuingOperations": "-3760000", "comprehensiveIncomeNetOfTax": "None", "ebit": "-848000", "ebitda": "7134000", "netIncome": "-3762000"}, {"fiscalDateEnding": "2022-06-30", "reportedCurrency": "USD", "grossProfit": "77519000", "totalRevenue": "149608000", "costOfRevenue": "72089000", "costofGoodsAndServicesSold": "72089000", "operatingIncome": "-141260000", "sellingGeneralAndAdministrative": "29923000", "researchAndDevelopment": "None", "operatingExpenses": "218779000", "investmentIncomeNet": "None", "netInterestIncome": "-3390000", "interestIncome": "None", "interestExpense": "3390000", "nonInterestIncome": "None", "otherNonOperatingIncome": "-6000", "depreciation": "None", "depreciationAndAmortization": "8119000", "incomeBeforeTax": "-145355000", "incomeTaxExpense": "-35332000", "interestAndDebtExpense": "None", "netIncomeFromContinuingOperations": "-110023000", "comprehensiveIncomeNetOfTax": "None", "ebit": "-141965000", "ebitda": "-133846000", "netIncome": "-110029000"}, {"fiscalDateEnding": "2022-03-31", "reportedCurrency": "USD", "grossProfit": "83049000", "totalRevenue": "154747000", "costOfRevenue": "71698000", "costofGoodsAndServicesSold": "71698000", "operatingIncome": "5200000", "sellingGeneralAndAdministrative": "29589000", "researchAndDevelopment": "None", "operatingExpenses": "77849000", "investmentIncomeNet": "None", "netInterestIncome": "-3355000", "interestIncome": "None", "interestExpense": "3355000", "nonInterestIncome": "None", "otherNonOperatingIncome": "-5000", "depreciation": "None", "depreciationAndAmortization": "8148000", "incomeBeforeTax": "6378000", "incomeTaxExpense": "1040000", "interestAndDebtExpense": "None", "netIncomeFromContinuingOperations": "5338000", "comprehensiveIncomeNetOfTax": "None", "ebit": "9733000", "ebitda": "17881000", "netIncome": "5333000"}, {"fiscalDateEnding": "2021-12-31", "reportedCurrency": "USD", "grossProfit": "86635000", "totalRevenue": "154000000", "costOfRevenue": "67365000", "costofGoodsAndServicesSold": "67365000", "operatingIncome": "16497000", "sellingGeneralAndAdministrative": "25200000", "researchAndDevelopment": "None", "operatingExpenses": "70138000", "investmentIncomeNet": "None", "netInterestIncome": "-3110000", "interestIncome": "None", "interestExpense": "3110000", "nonInterestIncome": "None", "otherNonOperatingIncome": "-4000", "depreciation": "None", "depreciationAndAmortization": "8271000", "incomeBeforeTax": "13383000", "incomeTaxExpense": "4002000", "interestAndDebtExpense": "None", "netIncomeFromContinuingOperations": "9385000", "comprehensiveIncomeNetOfTax": "None", "ebit": "20197000", "ebitda": "28468000", "netIncome": "9381000"}, {"fiscalDateEnding": "2021-09-30", "reportedCurrency": "USD", "grossProfit": "55704000", "totalRevenue": "98248000", "costOfRevenue": "42544000", "costofGoodsAndServicesSold": "42544000", "operatingIncome": "1262000", "sellingGeneralAndAdministrative": "26598000", "researchAndDevelopment": "None", "operatingExpenses": "54442000", "investmentIncomeNet": "None", "netInterestIncome": "-1305000", "interestIncome": "None", "interestExpense": "1305000", "nonInterestIncome": "None", "otherNonOperatingIncome": "None", "depreciation": "None", "depreciationAndAmortization": "4386000", "incomeBeforeTax": "-43000", "incomeTaxExpense": "224000", "interestAndDebtExpense": "None", "netIncomeFromContinuingOperations": "-267000", "comprehensiveIncomeNetOfTax": "None", "ebit": "1262000", "ebitda": "5648000", "netIncome": "-267000"}, {"fiscalDateEnding": "2021-06-30", "reportedCurrency": "USD", "grossProfit": "47620000", "totalRevenue": "78014000", "costOfRevenue": "30394000", "costofGoodsAndServicesSold": "30394000", "operatingIncome": "1975000", "sellingGeneralAndAdministrative": "22357000", "researchAndDevelopment": "None", "operatingExpenses": "45645000", "investmentIncomeNet": "None", "netInterestIncome": "24000", "interestIncome": "24000", "interestExpense": "24000", "nonInterestIncome": "None", "otherNonOperatingIncome": "-822000", "depreciation": "None", "depreciationAndAmortization": "2524000", "incomeBeforeTax": "1177000", "incomeTaxExpense": "646000", "interestAndDebtExpense": "None", "netIncomeFromContinuingOperations": "531000", "comprehensiveIncomeNetOfTax": "None", "ebit": "5249000", "ebitda": "7773000", "netIncome": "531000"}, {"fiscalDateEnding": "2021-03-31", "reportedCurrency": "USD", "grossProfit": "56222000", "totalRevenue": "88541000", "costOfRevenue": "32319000", "costofGoodsAndServicesSold": "32319000", "operatingIncome": "10637000", "sellingGeneralAndAdministrative": "22924000", "researchAndDevelopment": "None", "operatingExpenses": "45585000", "investmentIncomeNet": "None", "netInterestIncome": "114000", "interestIncome": "None", "interestExpense": "114000", "nonInterestIncome": "None", "otherNonOperatingIncome": "-5000", "depreciation": "None", "depreciationAndAmortization": "2651000", "incomeBeforeTax": "10746000", "incomeTaxExpense": "2639000", "interestAndDebtExpense": "None", "netIncomeFromContinuingOperations": "8112000", "comprehensiveIncomeNetOfTax": "None", "ebit": "11245000", "ebitda": "13896000", "netIncome": "8106999"}, {"fiscalDateEnding": "2020-12-31", "reportedCurrency": "USD", "grossProfit": "54806000", "totalRevenue": "85909000", "costOfRevenue": "31103000", "costofGoodsAndServicesSold": "31103000", "operatingIncome": "9715000", "sellingGeneralAndAdministrative": "22729000", "researchAndDevelopment": "None", "operatingExpenses": "45091000", "investmentIncomeNet": "None", "netInterestIncome": "90000", "interestIncome": "90000", "interestExpense": "90000", "nonInterestIncome": "None", "otherNonOperatingIncome": "-5000", "depreciation": "None", "depreciationAndAmortization": "3029000", "incomeBeforeTax": "9800000", "incomeTaxExpense": "2729000", "interestAndDebtExpense": "None", "netIncomeFromContinuingOperations": "7076000", "comprehensiveIncomeNetOfTax": "None", "ebit": "9824000", "ebitda": "12853000", "netIncome": "7071000"}, {"fiscalDateEnding": "2020-09-30", "reportedCurrency": "USD", "grossProfit": "48049000", "totalRevenue": "79133000", "costOfRevenue": "31084000", "costofGoodsAndServicesSold": "31084000", "operatingIncome": "3308000", "sellingGeneralAndAdministrative": "22574000", "researchAndDevelopment": "None", "operatingExpenses": "44741000", "investmentIncomeNet": "None", "netInterestIncome": "121000", "interestIncome": "None", "interestExpense": "121000", "nonInterestIncome": "None", "otherNonOperatingIncome": "-2000", "depreciation": "None", "depreciationAndAmortization": "3226000", "incomeBeforeTax": "3427000", "incomeTaxExpense": "785000", "interestAndDebtExpense": "None", "netIncomeFromContinuingOperations": "2644000", "comprehensiveIncomeNetOfTax": "None", "ebit": "3726000", "ebitda": "6952000", "netIncome": "2642000"}, {"fiscalDateEnding": "2020-06-30", "reportedCurrency": "USD", "grossProfit": "51383000", "totalRevenue": "82127000", "costOfRevenue": "30744000", "costofGoodsAndServicesSold": "30744000", "operatingIncome": "9041000", "sellingGeneralAndAdministrative": "21737000", "researchAndDevelopment": "None", "operatingExpenses": "42342000", "investmentIncomeNet": "None", "netInterestIncome": "179000", "interestIncome": "179000", "interestExpense": "179000", "nonInterestIncome": "None", "otherNonOperatingIncome": "1000", "depreciation": "None", "depreciationAndAmortization": "3391000", "incomeBeforeTax": "9221000", "incomeTaxExpense": "2532000", "interestAndDebtExpense": "None", "netIncomeFromContinuingOperations": "6688000", "comprehensiveIncomeNetOfTax": "None", "ebit": "9199000", "ebitda": "12590000", "netIncome": "6689000"}, {"fiscalDateEnding": "2020-03-31", "reportedCurrency": "USD", "grossProfit": "45386000", "totalRevenue": "74616000", "costOfRevenue": "29230000", "costofGoodsAndServicesSold": "29230000", "operatingIncome": "2693000", "sellingGeneralAndAdministrative": "21003000", "researchAndDevelopment": "None", "operatingExpenses": "42693000", "investmentIncomeNet": "None", "netInterestIncome": "702000", "interestIncome": "702000", "interestExpense": "702000", "nonInterestIncome": "None", "otherNonOperatingIncome": "-1000", "depreciation": "None", "depreciationAndAmortization": "3338000", "incomeBeforeTax": "3394000", "incomeTaxExpense": "974000", "interestAndDebtExpense": "None", "netIncomeFromContinuingOperations": "2421000", "comprehensiveIncomeNetOfTax": "None", "ebit": "2859000", "ebitda": "6197000", "netIncome": "2420000"}, {"fiscalDateEnding": "2019-12-31", "reportedCurrency": "USD", "grossProfit": "46373000", "totalRevenue": "74381000", "costOfRevenue": "28008000", "costofGoodsAndServicesSold": "28008000", "operatingIncome": "8641000", "sellingGeneralAndAdministrative": "18873000", "researchAndDevelopment": "None", "operatingExpenses": "37732000", "investmentIncomeNet": "None", "netInterestIncome": "701000", "interestIncome": "701000", "interestExpense": "701000", "nonInterestIncome": "None", "otherNonOperatingIncome": "None", "depreciation": "None", "depreciationAndAmortization": "3838000", "incomeBeforeTax": "9310000", "incomeTaxExpense": "3591000", "interestAndDebtExpense": "None", "netIncomeFromContinuingOperations": "5719000", "comprehensiveIncomeNetOfTax": "None", "ebit": "8673000", "ebitda": "12511000", "netIncome": "5719000"}, {"fiscalDateEnding": "2019-09-30", "reportedCurrency": "USD", "grossProfit": "40620000", "totalRevenue": "67888000", "costOfRevenue": "27268000", "costofGoodsAndServicesSold": "27268000", "operatingIncome": "-1038000", "sellingGeneralAndAdministrative": "22021000", "researchAndDevelopment": "None", "operatingExpenses": "41658000", "investmentIncomeNet": "None", "netInterestIncome": "1019000", "interestIncome": "1019000", "interestExpense": "1019000", "nonInterestIncome": "None", "otherNonOperatingIncome": "17000", "depreciation": "None", "depreciationAndAmortization": "3764000", "incomeBeforeTax": "-1894000", "incomeTaxExpense": "-239000", "interestAndDebtExpense": "None", "netIncomeFromContinuingOperations": "-1638000", "comprehensiveIncomeNetOfTax": "None", "ebit": "-1894000", "ebitda": "1870000", "netIncome": "-1638000"}, {"fiscalDateEnding": "2019-06-30", "reportedCurrency": "USD", "grossProfit": "41835000", "totalRevenue": "70560000", "costOfRevenue": "28725000", "costofGoodsAndServicesSold": "28725000", "operatingIncome": "5682000", "sellingGeneralAndAdministrative": "18123000", "researchAndDevelopment": "None", "operatingExpenses": "36153000", "investmentIncomeNet": "None", "netInterestIncome": "1135000", "interestIncome": "1135000", "interestExpense": "1135000", "nonInterestIncome": "None", "otherNonOperatingIncome": "6000", "depreciation": "None", "depreciationAndAmortization": "3943000", "incomeBeforeTax": "6813000", "incomeTaxExpense": "1898000", "interestAndDebtExpense": "None", "netIncomeFromContinuingOperations": "4921000", "comprehensiveIncomeNetOfTax": "None", "ebit": "5686000", "ebitda": "9629000", "netIncome": "4921000"}, {"fiscalDateEnding": "2019-03-31", "reportedCurrency": "USD", "grossProfit": "45526000", "totalRevenue": "73441000", "costOfRevenue": "27915000", "costofGoodsAndServicesSold": "27915000", "operatingIncome": "7363000", "sellingGeneralAndAdministrative": "19065000", "researchAndDevelopment": "None", "operatingExpenses": "38163000", "investmentIncomeNet": "None", "netInterestIncome": "1053000", "interestIncome": "1053000", "interestExpense": "1053000", "nonInterestIncome": "None", "otherNonOperatingIncome": "-1487000", "depreciation": "None", "depreciationAndAmortization": "4051000", "incomeBeforeTax": "2435000", "incomeTaxExpense": "-63000", "interestAndDebtExpense": "None", "netIncomeFromContinuingOperations": "2498000", "comprehensiveIncomeNetOfTax": "None", "ebit": "7363000", "ebitda": "11414000", "netIncome": "1011000"}, {"fiscalDateEnding": "2018-12-31", "reportedCurrency": "USD", "grossProfit": "48489000", "totalRevenue": "76930000", "costOfRevenue": "28441000", "costofGoodsAndServicesSold": "28441000", "operatingIncome": "11432000", "sellingGeneralAndAdministrative": "18676000", "researchAndDevelopment": "0", "operatingExpenses": "37057000", "investmentIncomeNet": "None", "netInterestIncome": "None", "interestIncome": "None", "interestExpense": "987000", "nonInterestIncome": "None", "otherNonOperatingIncome": "None", "depreciation": "None", "depreciationAndAmortization": "4343000", "incomeBeforeTax": "12419000", "incomeTaxExpense": "3294000", "interestAndDebtExpense": "None", "netIncomeFromContinuingOperations": "9125000", "comprehensiveIncomeNetOfTax": "None", "ebit": "11432000", "ebitda": "15775000", "netIncome": "9093000"}, {"fiscalDateEnding": "2018-09-30", "reportedCurrency": "USD", "grossProfit": "44806000", "totalRevenue": "72992000", "costOfRevenue": "28186000", "costofGoodsAndServicesSold": "28186000", "operatingIncome": "6884000", "sellingGeneralAndAdministrative": "19298000", "researchAndDevelopment": "0", "operatingExpenses": "37726000", "investmentIncomeNet": "None", "netInterestIncome": "None", "interestIncome": "None", "interestExpense": "774000", "nonInterestIncome": "None", "otherNonOperatingIncome": "None", "depreciation": "None", "depreciationAndAmortization": "4289000", "incomeBeforeTax": "7658000", "incomeTaxExpense": "1848000", "interestAndDebtExpense": "None", "netIncomeFromContinuingOperations": "5810000", "comprehensiveIncomeNetOfTax": "None", "ebit": "7080000", "ebitda": "11369000", "netIncome": "5499000"}, {"fiscalDateEnding": "2018-06-30", "reportedCurrency": "USD", "grossProfit": "43831000", "totalRevenue": "72798000", "costOfRevenue": "28967000", "costofGoodsAndServicesSold": "28967000", "operatingIncome": "8048000", "sellingGeneralAndAdministrative": "17594000", "researchAndDevelopment": "0", "operatingExpenses": "35225000", "investmentIncomeNet": "None", "netInterestIncome": "None", "interestIncome": "None", "interestExpense": "661000", "nonInterestIncome": "None", "otherNonOperatingIncome": "None", "depreciation": "None", "depreciationAndAmortization": "4347000", "incomeBeforeTax": "8709000", "incomeTaxExpense": "2280000", "interestAndDebtExpense": "None", "netIncomeFromContinuingOperations": "6429000", "comprehensiveIncomeNetOfTax": "None", "ebit": "8606000", "ebitda": "12953000", "netIncome": "6458000"}, {"fiscalDateEnding": "2018-03-31", "reportedCurrency": "USD", "grossProfit": "45281000", "totalRevenue": "74967000", "costOfRevenue": "29686000", "costofGoodsAndServicesSold": "29686000", "operatingIncome": "6162000", "sellingGeneralAndAdministrative": "18888000", "researchAndDevelopment": "0", "operatingExpenses": "38991000", "investmentIncomeNet": "None", "netInterestIncome": "None", "interestIncome": "None", "interestExpense": "493000", "nonInterestIncome": "None", "otherNonOperatingIncome": "-201000", "depreciation": "None", "depreciationAndAmortization": "4522000", "incomeBeforeTax": "6655000", "incomeTaxExpense": "1865000", "interestAndDebtExpense": "None", "netIncomeFromContinuingOperations": "4790000", "comprehensiveIncomeNetOfTax": "None", "ebit": "7990000", "ebitda": "12512000", "netIncome": "4589000"}, {"fiscalDateEnding": "2017-12-31", "reportedCurrency": "USD", "grossProfit": "49437000", "totalRevenue": "78085000", "costOfRevenue": "28648000", "costofGoodsAndServicesSold": "28648000", "operatingIncome": "12635000", "sellingGeneralAndAdministrative": "17399000", "researchAndDevelopment": "0", "operatingExpenses": "36267000", "investmentIncomeNet": "None", "netInterestIncome": "None", "interestIncome": "None", "interestExpense": "142000", "nonInterestIncome": "None", "otherNonOperatingIncome": "-2535000", "depreciation": "None", "depreciationAndAmortization": "4616000", "incomeBeforeTax": "12777000", "incomeTaxExpense": "1825000", "interestAndDebtExpense": "None", "netIncomeFromContinuingOperations": "10952000", "comprehensiveIncomeNetOfTax": "None", "ebit": "13170000", "ebitda": "17786000", "netIncome": "8417000"}, {"fiscalDateEnding": "2017-09-30", "reportedCurrency": "USD", "grossProfit": "44556000", "totalRevenue": "73279000", "costOfRevenue": "28723000", "costofGoodsAndServicesSold": "28723000", "operatingIncome": "7599000", "sellingGeneralAndAdministrative": "17237000", "researchAndDevelopment": "0", "operatingExpenses": "36567000", "investmentIncomeNet": "None", "netInterestIncome": "None", "interestIncome": "None", "interestExpense": "17000", "nonInterestIncome": "None", "otherNonOperatingIncome": "44000", "depreciation": "None", "depreciationAndAmortization": "4690000", "incomeBeforeTax": "7616000", "incomeTaxExpense": "3294000", "interestAndDebtExpense": "None", "netIncomeFromContinuingOperations": "4322000", "comprehensiveIncomeNetOfTax": "None", "ebit": "7989000", "ebitda": "12679000", "netIncome": "4366000"}, {"fiscalDateEnding": "2017-06-30", "reportedCurrency": "USD", "grossProfit": "42362000", "totalRevenue": "72196000", "costOfRevenue": "29834000", "costofGoodsAndServicesSold": "29834000", "operatingIncome": "6318000", "sellingGeneralAndAdministrative": "16632000", "researchAndDevelopment": "0", "operatingExpenses": "35366000", "investmentIncomeNet": "None", "netInterestIncome": "None", "interestIncome": "None", "interestExpense": "15000", "nonInterestIncome": "None", "otherNonOperatingIncome": "21000", "depreciation": "None", "depreciationAndAmortization": "4726000", "incomeBeforeTax": "6333000", "incomeTaxExpense": "2525000", "interestAndDebtExpense": "None", "netIncomeFromContinuingOperations": "3808000", "comprehensiveIncomeNetOfTax": "None", "ebit": "6996000", "ebitda": "11722000", "netIncome": "3829000"}, {"fiscalDateEnding": "2017-03-31", "reportedCurrency": "USD", "grossProfit": "46732000", "totalRevenue": "75688000", "costOfRevenue": "28956000", "costofGoodsAndServicesSold": "28956000", "operatingIncome": "8307000", "sellingGeneralAndAdministrative": "17756000", "researchAndDevelopment": "0", "operatingExpenses": "37935000", "investmentIncomeNet": "None", "netInterestIncome": "None", "interestIncome": "None", "interestExpense": "11000", "nonInterestIncome": "None", "otherNonOperatingIncome": "40000", "depreciation": "None", "depreciationAndAmortization": "4744000", "incomeBeforeTax": "8318000", "incomeTaxExpense": "3849000", "interestAndDebtExpense": "None", "netIncomeFromContinuingOperations": "4469000", "comprehensiveIncomeNetOfTax": "None", "ebit": "8797000", "ebitda": "13541000", "netIncome": "4509000"}, {"fiscalDateEnding": "2016-12-31", "reportedCurrency": "USD", "grossProfit": "48580000", "totalRevenue": "78625000", "costOfRevenue": "30045000", "costofGoodsAndServicesSold": "30045000", "operatingIncome": "11254000", "sellingGeneralAndAdministrative": "17963000", "researchAndDevelopment": "0", "operatingExpenses": "37226000", "investmentIncomeNet": "None", "netInterestIncome": "None", "interestIncome": "None", "interestExpense": "5000", "nonInterestIncome": "None", "otherNonOperatingIncome": "50000", "depreciation": "None", "depreciationAndAmortization": "4760000", "incomeBeforeTax": "11259000", "incomeTaxExpense": "4416000", "interestAndDebtExpense": "None", "netIncomeFromContinuingOperations": "6843000", "comprehensiveIncomeNetOfTax": "None", "ebit": "11354000", "ebitda": "16114000", "netIncome": "6893000"}, {"fiscalDateEnding": "2016-09-30", "reportedCurrency": "USD", "grossProfit": "45446000", "totalRevenue": "73803000", "costOfRevenue": "28357000", "costofGoodsAndServicesSold": "28357000", "operatingIncome": "392000", "sellingGeneralAndAdministrative": "17125000", "researchAndDevelopment": "0", "operatingExpenses": "35174000", "investmentIncomeNet": "None", "netInterestIncome": "None", "interestIncome": "None", "interestExpense": "37000", "nonInterestIncome": "None", "otherNonOperatingIncome": "-18000", "depreciation": "None", "depreciationAndAmortization": "4910000", "incomeBeforeTax": "429000", "incomeTaxExpense": "85000", "interestAndDebtExpense": "None", "netIncomeFromContinuingOperations": "344000", "comprehensiveIncomeNetOfTax": "None", "ebit": "10272000", "ebitda": "15182000", "netIncome": "326000"}, {"fiscalDateEnding": "2016-06-30", "reportedCurrency": "USD", "grossProfit": "47559000", "totalRevenue": "76745000", "costOfRevenue": "29186000", "costofGoodsAndServicesSold": "29186000", "operatingIncome": "10660000", "sellingGeneralAndAdministrative": "17090000", "researchAndDevelopment": "0", "operatingExpenses": "36899000", "investmentIncomeNet": "None", "netInterestIncome": "None", "interestIncome": "None", "interestExpense": "37000", "nonInterestIncome": "None", "otherNonOperatingIncome": "71000", "depreciation": "None", "depreciationAndAmortization": "4825000", "incomeBeforeTax": "10697000", "incomeTaxExpense": "4172000", "interestAndDebtExpense": "None", "netIncomeFromContinuingOperations": "6525000", "comprehensiveIncomeNetOfTax": "None", "ebit": "11124000", "ebitda": "15949000", "netIncome": "6596000"}, {"fiscalDateEnding": "2016-03-31", "reportedCurrency": "USD", "grossProfit": "54258000", "totalRevenue": "83966000", "costOfRevenue": "29708000", "costofGoodsAndServicesSold": "29708000", "operatingIncome": "15970000", "sellingGeneralAndAdministrative": "16930000", "researchAndDevelopment": "0", "operatingExpenses": "38288000", "investmentIncomeNet": "None", "netInterestIncome": "None", "interestIncome": "None", "interestExpense": "37000", "nonInterestIncome": "None", "otherNonOperatingIncome": "600000", "depreciation": "None", "depreciationAndAmortization": "4889000", "incomeBeforeTax": "16007000", "incomeTaxExpense": "6267000", "interestAndDebtExpense": "None", "netIncomeFromContinuingOperations": "9740000", "comprehensiveIncomeNetOfTax": "None", "ebit": "16231000", "ebitda": "21120000", "netIncome": "10340000"}, {"fiscalDateEnding": "2015-12-31", "reportedCurrency": "USD", "grossProfit": "56187000", "totalRevenue": "85912000", "costOfRevenue": "29725000", "costofGoodsAndServicesSold": "29725000", "operatingIncome": "15722000", "sellingGeneralAndAdministrative": "18959000", "researchAndDevelopment": "0", "operatingExpenses": "40465000", "investmentIncomeNet": "None", "netInterestIncome": "None", "interestIncome": "None", "interestExpense": "37000", "nonInterestIncome": "None", "otherNonOperatingIncome": "110000", "depreciation": "None", "depreciationAndAmortization": "6342000", "incomeBeforeTax": "15759000", "incomeTaxExpense": "6078000", "interestAndDebtExpense": "None", "netIncomeFromContinuingOperations": "9681000", "comprehensiveIncomeNetOfTax": "None", "ebit": "15722000", "ebitda": "22064000", "netIncome": "9791000"}, {"fiscalDateEnding": "2015-09-30", "reportedCurrency": "USD", "grossProfit": "47124000", "totalRevenue": "76291000", "costOfRevenue": "29167000", "costofGoodsAndServicesSold": "29167000", "operatingIncome": "10512000", "sellingGeneralAndAdministrative": "17659000", "researchAndDevelopment": "0", "operatingExpenses": "36612000", "investmentIncomeNet": "None", "netInterestIncome": "None", "interestIncome": "None", "interestExpense": "37000", "nonInterestIncome": "None", "otherNonOperatingIncome": "4000", "depreciation": "None", "depreciationAndAmortization": "4891000", "incomeBeforeTax": "10549000", "incomeTaxExpense": "3796000", "interestAndDebtExpense": "None", "netIncomeFromContinuingOperations": "6753000", "comprehensiveIncomeNetOfTax": "None", "ebit": "10555000", "ebitda": "15446000", "netIncome": "6757000"}, {"fiscalDateEnding": "2015-06-30", "reportedCurrency": "USD", "grossProfit": "50567000", "totalRevenue": "80263000", "costOfRevenue": "29696000", "costofGoodsAndServicesSold": "29696000", "operatingIncome": "11576000", "sellingGeneralAndAdministrative": "18141000", "researchAndDevelopment": "0", "operatingExpenses": "38991000", "investmentIncomeNet": "None", "netInterestIncome": "None", "interestIncome": "None", "interestExpense": "31000", "nonInterestIncome": "None", "otherNonOperatingIncome": "14000", "depreciation": "None", "depreciationAndAmortization": "4698000", "incomeBeforeTax": "11607000", "incomeTaxExpense": "4548000", "interestAndDebtExpense": "None", "netIncomeFromContinuingOperations": "7059000", "comprehensiveIncomeNetOfTax": "None", "ebit": "11576000", "ebitda": "16274000", "netIncome": "7073000"}, {"fiscalDateEnding": "2015-03-31", "reportedCurrency": "USD", "grossProfit": "55184000", "totalRevenue": "85444000", "costOfRevenue": "30260000", "costofGoodsAndServicesSold": "30260000", "operatingIncome": "14471000", "sellingGeneralAndAdministrative": "19105000", "researchAndDevelopment": "0", "operatingExpenses": "40713000", "investmentIncomeNet": "None", "netInterestIncome": "None", "interestIncome": "None", "interestExpense": "10000", "nonInterestIncome": "None", "otherNonOperatingIncome": "-38000", "depreciation": "None", "depreciationAndAmortization": "4589000", "incomeBeforeTax": "14481000", "incomeTaxExpense": "5650000", "interestAndDebtExpense": "None", "netIncomeFromContinuingOperations": "8831000", "comprehensiveIncomeNetOfTax": "None", "ebit": "14471000", "ebitda": "19060000", "netIncome": "8793000"}, {"fiscalDateEnding": "2014-12-31", "reportedCurrency": "USD", "grossProfit": "59703000", "totalRevenue": "91297000", "costOfRevenue": "31594000", "costofGoodsAndServicesSold": "31594000", "operatingIncome": "18625000", "sellingGeneralAndAdministrative": "19626000", "researchAndDevelopment": "0", "operatingExpenses": "41078000", "investmentIncomeNet": "None", "netInterestIncome": "None", "interestIncome": "None", "interestExpense": "84000", "nonInterestIncome": "None", "otherNonOperatingIncome": "-139000", "depreciation": "None", "depreciationAndAmortization": "4220000", "incomeBeforeTax": "18709000", "incomeTaxExpense": "6773000", "interestAndDebtExpense": "None", "netIncomeFromContinuingOperations": "11936000", "comprehensiveIncomeNetOfTax": "None", "ebit": "18625000", "ebitda": "22845000", "netIncome": "11797000"}, {"fiscalDateEnding": "2014-09-30", "reportedCurrency": "USD", "grossProfit": "54081000", "totalRevenue": "84707000", "costOfRevenue": "30626000", "costofGoodsAndServicesSold": "30626000", "operatingIncome": "14647000", "sellingGeneralAndAdministrative": "17432000", "researchAndDevelopment": "0", "operatingExpenses": "39434000", "investmentIncomeNet": "None", "netInterestIncome": "None", "interestIncome": "None", "interestExpense": "98000", "nonInterestIncome": "None", "otherNonOperatingIncome": "-26000", "depreciation": "None", "depreciationAndAmortization": "4054000", "incomeBeforeTax": "14745000", "incomeTaxExpense": "5877000", "interestAndDebtExpense": "None", "netIncomeFromContinuingOperations": "8868000", "comprehensiveIncomeNetOfTax": "None", "ebit": "14647000", "ebitda": "18701000", "netIncome": "8842000"}, {"fiscalDateEnding": "2014-06-30", "reportedCurrency": "USD", "grossProfit": "55266000", "totalRevenue": "85463000", "costOfRevenue": "30197000", "costofGoodsAndServicesSold": "30197000", "operatingIncome": "15835000", "sellingGeneralAndAdministrative": "18491000", "researchAndDevelopment": "0", "operatingExpenses": "39431000", "investmentIncomeNet": "None", "netInterestIncome": "None", "interestIncome": "None", "interestExpense": "98000", "nonInterestIncome": "None", "otherNonOperatingIncome": "42000", "depreciation": "None", "depreciationAndAmortization": "3958000", "incomeBeforeTax": "15933000", "incomeTaxExpense": "6173000", "interestAndDebtExpense": "None", "netIncomeFromContinuingOperations": "9760000", "comprehensiveIncomeNetOfTax": "None", "ebit": "15835000", "ebitda": "19793000", "netIncome": "9802000"}, {"fiscalDateEnding": "2014-03-31", "reportedCurrency": "USD", "grossProfit": "57205000", "totalRevenue": "88553000", "costOfRevenue": "31348000", "costofGoodsAndServicesSold": "31348000", "operatingIncome": "16725000", "sellingGeneralAndAdministrative": "19524000", "researchAndDevelopment": "0", "operatingExpenses": "40480000", "investmentIncomeNet": "None", "netInterestIncome": "None", "interestIncome": "None", "interestExpense": "81000", "nonInterestIncome": "None", "otherNonOperatingIncome": "-43000", "depreciation": "None", "depreciationAndAmortization": "3889000", "incomeBeforeTax": "16806000", "incomeTaxExpense": "6327000", "interestAndDebtExpense": "None", "netIncomeFromContinuingOperations": "10479000", "comprehensiveIncomeNetOfTax": "None", "ebit": "16725000", "ebitda": "20614000", "netIncome": "10436000"}, {"fiscalDateEnding": "2013-12-31", "reportedCurrency": "USD", "grossProfit": "53904000", "totalRevenue": "82937000", "costOfRevenue": "29033000", "costofGoodsAndServicesSold": "29033000", "operatingIncome": "14517000", "sellingGeneralAndAdministrative": "18660000", "researchAndDevelopment": "0", "operatingExpenses": "39387000", "investmentIncomeNet": "None", "netInterestIncome": "None", "interestIncome": "None", "interestExpense": "80000", "nonInterestIncome": "None", "otherNonOperatingIncome": "40000", "depreciation": "None", "depreciationAndAmortization": "3613000", "incomeBeforeTax": "14596000", "incomeTaxExpense": "5639000", "interestAndDebtExpense": "None", "netIncomeFromContinuingOperations": "8957000", "comprehensiveIncomeNetOfTax": "None", "ebit": "14517000", "ebitda": "18130000", "netIncome": "8997000"}, {"fiscalDateEnding": "2013-09-30", "reportedCurrency": "USD", "grossProfit": "53638000", "totalRevenue": "81777000", "costOfRevenue": "28139000", "costofGoodsAndServicesSold": "28139000", "operatingIncome": "17507000", "sellingGeneralAndAdministrative": "16766000", "researchAndDevelopment": "0", "operatingExpenses": "36131000", "investmentIncomeNet": "None", "netInterestIncome": "None", "interestIncome": "None", "interestExpense": "77000", "nonInterestIncome": "None", "otherNonOperatingIncome": "-61000", "depreciation": "None", "depreciationAndAmortization": "3376000", "incomeBeforeTax": "17584000", "incomeTaxExpense": "6612000", "interestAndDebtExpense": "None", "netIncomeFromContinuingOperations": "10972000", "comprehensiveIncomeNetOfTax": "None", "ebit": "17507000", "ebitda": "20883000", "netIncome": "10911000"}, {"fiscalDateEnding": "2013-06-30", "reportedCurrency": "USD", "grossProfit": "53718000", "totalRevenue": "80925000", "costOfRevenue": "27207000", "costofGoodsAndServicesSold": "27207000", "operatingIncome": "17203000", "sellingGeneralAndAdministrative": "17158000", "researchAndDevelopment": "0", "operatingExpenses": "36515000", "investmentIncomeNet": "None", "netInterestIncome": "None", "interestIncome": "None", "interestExpense": "88000", "nonInterestIncome": "None", "otherNonOperatingIncome": "2000", "depreciation": "None", "depreciationAndAmortization": "3312000", "incomeBeforeTax": "17291000", "incomeTaxExpense": "6543000", "interestAndDebtExpense": "None", "netIncomeFromContinuingOperations": "10748000", "comprehensiveIncomeNetOfTax": "None", "ebit": "17203000", "ebitda": "20515000", "netIncome": "10750000"}, {"fiscalDateEnding": "2013-03-31", "reportedCurrency": "USD", "grossProfit": "55435000", "totalRevenue": "83840000", "costOfRevenue": "28405000", "costofGoodsAndServicesSold": "28405000", "operatingIncome": "18210000", "sellingGeneralAndAdministrative": "17479000", "researchAndDevelopment": "0", "operatingExpenses": "37225000", "investmentIncomeNet": "None", "netInterestIncome": "None", "interestIncome": "None", "interestExpense": "64000", "nonInterestIncome": "None", "otherNonOperatingIncome": "-48000", "depreciation": "None", "depreciationAndAmortization": "3207000", "incomeBeforeTax": "18274000", "incomeTaxExpense": "6850000", "interestAndDebtExpense": "None", "netIncomeFromContinuingOperations": "11424000", "comprehensiveIncomeNetOfTax": "None", "ebit": "18210000", "ebitda": "21417000", "netIncome": "11376000"}, {"fiscalDateEnding": "2012-12-31", "reportedCurrency": "USD", "grossProfit": "56346000", "totalRevenue": "86000000", "costOfRevenue": "29654000", "costofGoodsAndServicesSold": "29654000", "operatingIncome": "21422000", "sellingGeneralAndAdministrative": "15424000", "researchAndDevelopment": "0", "operatingExpenses": "34924000", "investmentIncomeNet": "None", "netInterestIncome": "None", "interestIncome": "None", "interestExpense": "139000", "nonInterestIncome": "None", "otherNonOperatingIncome": "-107000", "depreciation": "None", "depreciationAndAmortization": "3015000", "incomeBeforeTax": "21540000", "incomeTaxExpense": "8279000", "interestAndDebtExpense": "None", "netIncomeFromContinuingOperations": "13261000", "comprehensiveIncomeNetOfTax": "None", "ebit": "21422000", "ebitda": "24437000", "netIncome": "13175000"}, {"fiscalDateEnding": "2012-09-30", "reportedCurrency": "USD", "grossProfit": "50686000", "totalRevenue": "77122000", "costOfRevenue": "26436000", "costofGoodsAndServicesSold": "26436000", "operatingIncome": "17518000", "sellingGeneralAndAdministrative": "15978000", "researchAndDevelopment": "0", "operatingExpenses": "33168000", "investmentIncomeNet": "None", "netInterestIncome": "None", "interestIncome": "None", "interestExpense": "30000", "nonInterestIncome": "None", "otherNonOperatingIncome": "None", "depreciation": "None", "depreciationAndAmortization": "2760000", "incomeBeforeTax": "17548000", "incomeTaxExpense": "6724000", "interestAndDebtExpense": "None", "netIncomeFromContinuingOperations": "10824000", "comprehensiveIncomeNetOfTax": "None", "ebit": "17518000", "ebitda": "20278000", "netIncome": "10824000"}, {"fiscalDateEnding": "2012-06-30", "reportedCurrency": "USD", "grossProfit": "48323000", "totalRevenue": "74572000", "costOfRevenue": "26249000", "costofGoodsAndServicesSold": "26249000", "operatingIncome": "14992000", "sellingGeneralAndAdministrative": "16141000", "researchAndDevelopment": "0", "operatingExpenses": "33331000", "investmentIncomeNet": "None", "netInterestIncome": "None", "interestIncome": "None", "interestExpense": "14992000", "nonInterestIncome": "None", "otherNonOperatingIncome": "None", "depreciation": "None", "depreciationAndAmortization": "2715000", "incomeBeforeTax": "14958000", "incomeTaxExpense": "5717000", "interestAndDebtExpense": "None", "netIncomeFromContinuingOperations": "9241000", "comprehensiveIncomeNetOfTax": "None", "ebit": "14992000", "ebitda": "17707000", "netIncome": "9241000"}, {"fiscalDateEnding": "2012-03-31", "reportedCurrency": "USD", "grossProfit": "47969000", "totalRevenue": "75822000", "costOfRevenue": "27853000", "costofGoodsAndServicesSold": "27853000", "operatingIncome": "14870000", "sellingGeneralAndAdministrative": "16072000", "researchAndDevelopment": "0", "operatingExpenses": "33099000", "investmentIncomeNet": "None", "netInterestIncome": "None", "interestIncome": "None", "interestExpense": "0", "nonInterestIncome": "None", "otherNonOperatingIncome": "21000", "depreciation": "None", "depreciationAndAmortization": "2656000", "incomeBeforeTax": "14891000", "incomeTaxExpense": "5808000", "interestAndDebtExpense": "None", "netIncomeFromContinuingOperations": "9083000", "comprehensiveIncomeNetOfTax": "None", "ebit": "14870000", "ebitda": "17526000", "netIncome": "9083000"}, {"fiscalDateEnding": "2011-12-31", "reportedCurrency": "USD", "grossProfit": "49515000", "totalRevenue": "75667000", "costOfRevenue": "26152000", "costofGoodsAndServicesSold": "26152000", "operatingIncome": "19843000", "sellingGeneralAndAdministrative": "14769000", "researchAndDevelopment": "0", "operatingExpenses": "29672000", "investmentIncomeNet": "None", "netInterestIncome": "None", "interestIncome": "None", "interestExpense": "0", "nonInterestIncome": "None", "otherNonOperatingIncome": "22000", "depreciation": "None", "depreciationAndAmortization": "2500000", "incomeBeforeTax": "19865000", "incomeTaxExpense": "6880000", "interestAndDebtExpense": "None", "netIncomeFromContinuingOperations": "12985000", "comprehensiveIncomeNetOfTax": "None", "ebit": "19843000", "ebitda": "22343000", "netIncome": "12985000"}, {"fiscalDateEnding": "2011-09-30", "reportedCurrency": "USD", "grossProfit": "41303000", "totalRevenue": "65251000", "costOfRevenue": "23948000", "costofGoodsAndServicesSold": "23948000", "operatingIncome": "15034000", "sellingGeneralAndAdministrative": "12160000", "researchAndDevelopment": "0", "operatingExpenses": "26269000", "investmentIncomeNet": "None", "netInterestIncome": "None", "interestIncome": "None", "interestExpense": "0", "nonInterestIncome": "None", "otherNonOperatingIncome": "35000", "depreciation": "None", "depreciationAndAmortization": "2404000", "incomeBeforeTax": "15069000", "incomeTaxExpense": "4130000", "interestAndDebtExpense": "None", "netIncomeFromContinuingOperations": "10939000", "comprehensiveIncomeNetOfTax": "None", "ebit": "15034000", "ebitda": "17438000", "netIncome": "10939000"}, {"fiscalDateEnding": "2011-06-30", "reportedCurrency": "USD", "grossProfit": "37784000", "totalRevenue": "60795000", "costOfRevenue": "23011000", "costofGoodsAndServicesSold": "23011000", "operatingIncome": "14911000", "sellingGeneralAndAdministrative": "10910000", "researchAndDevelopment": "0", "operatingExpenses": "22873000", "investmentIncomeNet": "None", "netInterestIncome": "None", "interestIncome": "None", "interestExpense": "0", "nonInterestIncome": "None", "otherNonOperatingIncome": "25000", "depreciation": "None", "depreciationAndAmortization": "2242000", "incomeBeforeTax": "14936000", "incomeTaxExpense": "5960000", "interestAndDebtExpense": "None", "netIncomeFromContinuingOperations": "8976000", "comprehensiveIncomeNetOfTax": "None", "ebit": "14911000", "ebitda": "17153000", "netIncome": "8976000"}, {"fiscalDateEnding": "2011-03-31", "reportedCurrency": "USD", "grossProfit": "36559000", "totalRevenue": "58664000", "costOfRevenue": "22105000", "costofGoodsAndServicesSold": "22105000", "operatingIncome": "13071000", "sellingGeneralAndAdministrative": "10511000", "researchAndDevelopment": "0", "operatingExpenses": "23488000", "investmentIncomeNet": "None", "netInterestIncome": "None", "interestIncome": "None", "interestExpense": "0", "nonInterestIncome": "None", "otherNonOperatingIncome": "27000", "depreciation": "None", "depreciationAndAmortization": "2093000", "incomeBeforeTax": "13098000", "incomeTaxExpense": "5241000", "interestAndDebtExpense": "None", "netIncomeFromContinuingOperations": "7857000", "comprehensiveIncomeNetOfTax": "None", "ebit": "13071000", "ebitda": "15164000", "netIncome": "7857000"}, {"fiscalDateEnding": "2010-12-31", "reportedCurrency": "USD", "grossProfit": "35889000", "totalRevenue": "56314000", "costOfRevenue": "20425000", "costofGoodsAndServicesSold": "20425000", "operatingIncome": "15831000", "sellingGeneralAndAdministrative": "8768000", "researchAndDevelopment": "0", "operatingExpenses": "20058000", "investmentIncomeNet": "None", "netInterestIncome": "None", "interestIncome": "None", "interestExpense": "0", "nonInterestIncome": "None", "otherNonOperatingIncome": "26000", "depreciation": "None", "depreciationAndAmortization": "1844000", "incomeBeforeTax": "15857000", "incomeTaxExpense": "6250000", "interestAndDebtExpense": "None", "netIncomeFromContinuingOperations": "9607000", "comprehensiveIncomeNetOfTax": "None", "ebit": "15831000", "ebitda": "17675000", "netIncome": "9607000"}, {"fiscalDateEnding": "2010-09-30", "reportedCurrency": "USD", "grossProfit": "28812000", "totalRevenue": "48295000", "costOfRevenue": "19483000", "costofGoodsAndServicesSold": "19483000", "operatingIncome": "9315000", "sellingGeneralAndAdministrative": "8194000", "researchAndDevelopment": "0", "operatingExpenses": "19497000", "investmentIncomeNet": "None", "netInterestIncome": "None", "interestIncome": "None", "interestExpense": "0", "nonInterestIncome": "None", "otherNonOperatingIncome": "28000", "depreciation": "None", "depreciationAndAmortization": "1682000", "incomeBeforeTax": "9343000", "incomeTaxExpense": "3755000", "interestAndDebtExpense": "None", "netIncomeFromContinuingOperations": "5588000", "comprehensiveIncomeNetOfTax": "None", "ebit": "9315000", "ebitda": "10997000", "netIncome": "5588000"}, {"fiscalDateEnding": "2010-06-30", "reportedCurrency": "USD", "grossProfit": "28878000", "totalRevenue": "46254000", "costOfRevenue": "17376000", "costofGoodsAndServicesSold": "17376000", "operatingIncome": "11739000", "sellingGeneralAndAdministrative": "7451000", "researchAndDevelopment": "0", "operatingExpenses": "17139000", "investmentIncomeNet": "None", "netInterestIncome": "None", "interestIncome": "None", "interestExpense": "0", "nonInterestIncome": "None", "otherNonOperatingIncome": "35000", "depreciation": "None", "depreciationAndAmortization": "1568000", "incomeBeforeTax": "11774000", "incomeTaxExpense": "4749000", "interestAndDebtExpense": "None", "netIncomeFromContinuingOperations": "7025000", "comprehensiveIncomeNetOfTax": "None", "ebit": "11739000", "ebitda": "13307000", "netIncome": "7025000"}, {"fiscalDateEnding": "2010-03-31", "reportedCurrency": "USD", "grossProfit": "29286000", "totalRevenue": "47311000", "costOfRevenue": "18025000", "costofGoodsAndServicesSold": "18025000", "operatingIncome": "13137000", "sellingGeneralAndAdministrative": "7632000", "researchAndDevelopment": "0", "operatingExpenses": "16149000", "investmentIncomeNet": "None", "netInterestIncome": "None", "interestIncome": "None", "interestExpense": "0", "nonInterestIncome": "None", "otherNonOperatingIncome": "22000", "depreciation": "None", "depreciationAndAmortization": "1408000", "incomeBeforeTax": "13159000", "incomeTaxExpense": "5511000", "interestAndDebtExpense": "None", "netIncomeFromContinuingOperations": "7648000", "comprehensiveIncomeNetOfTax": "None", "ebit": "13137000", "ebitda": "14545000", "netIncome": "7648000"}, {"fiscalDateEnding": "2009-12-31", "reportedCurrency": "USD", "grossProfit": "27131000", "totalRevenue": "43653000", "costOfRevenue": "16522000", "costofGoodsAndServicesSold": "16522000", "operatingIncome": "13964000", "sellingGeneralAndAdministrative": "6476000", "researchAndDevelopment": "0", "operatingExpenses": "13167000", "investmentIncomeNet": "None", "netInterestIncome": "None", "interestIncome": "None", "interestExpense": "0", "nonInterestIncome": "None", "otherNonOperatingIncome": "None", "depreciation": "None", "depreciationAndAmortization": "1297000", "incomeBeforeTax": "13988000", "incomeTaxExpense": "5609000", "interestAndDebtExpense": "None", "netIncomeFromContinuingOperations": "0", "comprehensiveIncomeNetOfTax": "None", "ebit": "13964000", "ebitda": "15261000", "netIncome": "8379000"}, {"fiscalDateEnding": "2009-09-30", "reportedCurrency": "USD", "grossProfit": "21726000", "totalRevenue": "36471000", "costOfRevenue": "14745000", "costofGoodsAndServicesSold": "14745000", "operatingIncome": "8386000", "sellingGeneralAndAdministrative": "6465000", "researchAndDevelopment": "0", "operatingExpenses": "13340000", "investmentIncomeNet": "None", "netInterestIncome": "None", "interestIncome": "None", "interestExpense": "0", "nonInterestIncome": "None", "otherNonOperatingIncome": "30000", "depreciation": "None", "depreciationAndAmortization": "1277000", "incomeBeforeTax": "8416000", "incomeTaxExpense": "3404000", "interestAndDebtExpense": "None", "netIncomeFromContinuingOperations": "5012000", "comprehensiveIncomeNetOfTax": "None", "ebit": "8386000", "ebitda": "9663000", "netIncome": "5012000"}, {"fiscalDateEnding": "2009-06-30", "reportedCurrency": "USD", "grossProfit": "21340000", "totalRevenue": "35713000", "costOfRevenue": "14373000", "costofGoodsAndServicesSold": "14373000", "operatingIncome": "8782000", "sellingGeneralAndAdministrative": "6042000", "researchAndDevelopment": "0", "operatingExpenses": "12558000", "investmentIncomeNet": "None", "netInterestIncome": "None", "interestIncome": "None", "interestExpense": "0", "nonInterestIncome": "None", "otherNonOperatingIncome": "None", "depreciation": "None", "depreciationAndAmortization": "1360000", "incomeBeforeTax": "8811000", "incomeTaxExpense": "3497000", "interestAndDebtExpense": "None", "netIncomeFromContinuingOperations": "0", "comprehensiveIncomeNetOfTax": "None", "ebit": "8782000", "ebitda": "10142000", "netIncome": "5314000"}, {"fiscalDateEnding": "2009-03-31", "reportedCurrency": "USD", "grossProfit": "20418000", "totalRevenue": "33161000", "costOfRevenue": "12743000", "costofGoodsAndServicesSold": "12743000", "operatingIncome": "8734000", "sellingGeneralAndAdministrative": "6056000", "researchAndDevelopment": "0", "operatingExpenses": "11684000", "investmentIncomeNet": "None", "netInterestIncome": "None", "interestIncome": "None", "interestExpense": "0", "nonInterestIncome": "None", "otherNonOperatingIncome": "None", "depreciation": "None", "depreciationAndAmortization": "1297000", "incomeBeforeTax": "8745000", "incomeTaxExpense": "3507000", "interestAndDebtExpense": "None", "netIncomeFromContinuingOperations": "0", "comprehensiveIncomeNetOfTax": "None", "ebit": "8734000", "ebitda": "10031000", "netIncome": "5238000"}, {"fiscalDateEnding": "2008-12-31", "reportedCurrency": "USD", "grossProfit": "19276000", "totalRevenue": "31503000", "costOfRevenue": "12227000", "costofGoodsAndServicesSold": "12227000", "operatingIncome": "8272000", "sellingGeneralAndAdministrative": "9812000", "researchAndDevelopment": "0", "operatingExpenses": "11004000", "investmentIncomeNet": "None", "netInterestIncome": "None", "interestIncome": "None", "interestExpense": "0", "nonInterestIncome": "None", "otherNonOperatingIncome": "None", "depreciation": "None", "depreciationAndAmortization": "1192000", "incomeBeforeTax": "8359000", "incomeTaxExpense": "3318000", "interestAndDebtExpense": "None", "netIncomeFromContinuingOperations": "0", "comprehensiveIncomeNetOfTax": "None", "ebit": "8272000", "ebitda": "9464000", "netIncome": "5041000"}, {"fiscalDateEnding": "2008-09-30", "reportedCurrency": "USD", "grossProfit": "16503000", "totalRevenue": "27404000", "costOfRevenue": "10901000", "costofGoodsAndServicesSold": "10901000", "operatingIncome": "6203000", "sellingGeneralAndAdministrative": "9186000", "researchAndDevelopment": "0", "operatingExpenses": "10300000", "investmentIncomeNet": "None", "netInterestIncome": "None", "interestIncome": "None", "interestExpense": "0", "nonInterestIncome": "None", "otherNonOperatingIncome": "None", "depreciation": "None", "depreciationAndAmortization": "1114000", "incomeBeforeTax": "6384000", "incomeTaxExpense": "2568000", "interestAndDebtExpense": "None", "netIncomeFromContinuingOperations": "0", "comprehensiveIncomeNetOfTax": "None", "ebit": "6203000", "ebitda": "7317000", "netIncome": "3816000"}, {"fiscalDateEnding": "2008-06-30", "reportedCurrency": "USD", "grossProfit": "14478000", "totalRevenue": "24999000", "costOfRevenue": "10521000", "costofGoodsAndServicesSold": "10521000", "operatingIncome": "5762000", "sellingGeneralAndAdministrative": "7685000", "researchAndDevelopment": "0", "operatingExpenses": "8716000", "investmentIncomeNet": "None", "netInterestIncome": "None", "interestIncome": "None", "interestExpense": "0", "nonInterestIncome": "None", "otherNonOperatingIncome": "None", "depreciation": "None", "depreciationAndAmortization": "1031000", "incomeBeforeTax": "5958000", "incomeTaxExpense": "2033000", "interestAndDebtExpense": "None", "netIncomeFromContinuingOperations": "0", "comprehensiveIncomeNetOfTax": "None", "ebit": "5762000", "ebitda": "6793000", "netIncome": "3925000"}, {"fiscalDateEnding": "2008-03-31", "reportedCurrency": "USD", "grossProfit": "13329000", "totalRevenue": "23241000", "costOfRevenue": "9912000", "costofGoodsAndServicesSold": "9912000", "operatingIncome": "5451000", "sellingGeneralAndAdministrative": "6980000", "researchAndDevelopment": "0", "operatingExpenses": "7878000", "investmentIncomeNet": "None", "netInterestIncome": "None", "interestIncome": "None", "interestExpense": "0", "nonInterestIncome": "None", "otherNonOperatingIncome": "None", "depreciation": "None", "depreciationAndAmortization": "898000", "incomeBeforeTax": "5693000", "incomeTaxExpense": "2288000", "interestAndDebtExpense": "None", "netIncomeFromContinuingOperations": "0", "comprehensiveIncomeNetOfTax": "None", "ebit": "5451000", "ebitda": "6349000", "netIncome": "3405000"}, {"fiscalDateEnding": "2007-12-31", "reportedCurrency": "USD", "grossProfit": "12440000", "totalRevenue": "21222000", "costOfRevenue": "8782000", "costofGoodsAndServicesSold": "8782000", "operatingIncome": "5125000", "sellingGeneralAndAdministrative": "6497000", "researchAndDevelopment": "0", "operatingExpenses": "7315000", "investmentIncomeNet": "None", "netInterestIncome": "None", "interestIncome": "None", "interestExpense": "0", "nonInterestIncome": "None", "otherNonOperatingIncome": "None", "depreciation": "None", "depreciationAndAmortization": "818000", "incomeBeforeTax": "5418000", "incomeTaxExpense": "2461000", "interestAndDebtExpense": "None", "netIncomeFromContinuingOperations": "0", "comprehensiveIncomeNetOfTax": "None", "ebit": "5125000", "ebitda": "5943000", "netIncome": "2957000"}, {"fiscalDateEnding": "2007-09-30", "reportedCurrency": "USD", "grossProfit": "9904000", "totalRevenue": "17612000", "costOfRevenue": "7708000", "costofGoodsAndServicesSold": "7708000", "operatingIncome": "3578000", "sellingGeneralAndAdministrative": "5641000", "researchAndDevelopment": "0", "operatingExpenses": "6326000", "investmentIncomeNet": "None", "netInterestIncome": "None", "interestIncome": "None", "interestExpense": "0", "nonInterestIncome": "None", "otherNonOperatingIncome": "None", "depreciation": "None", "depreciationAndAmortization": "684000", "incomeBeforeTax": "3835000", "incomeTaxExpense": "1613000", "interestAndDebtExpense": "None", "netIncomeFromContinuingOperations": "0", "comprehensiveIncomeNetOfTax": "None", "ebit": "3579000", "ebitda": "4263000", "netIncome": "2222000"}, {"fiscalDateEnding": "2007-06-30", "reportedCurrency": "USD", "grossProfit": "9264000", "totalRevenue": "16173000", "costOfRevenue": "6909000", "costofGoodsAndServicesSold": "6909000", "operatingIncome": "3296000", "sellingGeneralAndAdministrative": "5263000", "researchAndDevelopment": "0", "operatingExpenses": "5968000", "investmentIncomeNet": "None", "netInterestIncome": "None", "interestIncome": "None", "interestExpense": "0", "nonInterestIncome": "None", "otherNonOperatingIncome": "None", "depreciation": "None", "depreciationAndAmortization": "705000", "incomeBeforeTax": "3490000", "incomeTaxExpense": "1454000", "interestAndDebtExpense": "None", "netIncomeFromContinuingOperations": "0", "comprehensiveIncomeNetOfTax": "None", "ebit": "3296000", "ebitda": "4001000", "netIncome": "2036000"}, {"fiscalDateEnding": "2007-03-31", "reportedCurrency": "USD", "grossProfit": "8008000", "totalRevenue": "14089000", "costOfRevenue": "6081000", "costofGoodsAndServicesSold": "6081000", "operatingIncome": "2691000", "sellingGeneralAndAdministrative": "4699000", "researchAndDevelopment": "0", "operatingExpenses": "5317000", "investmentIncomeNet": "None", "netInterestIncome": "None", "interestIncome": "None", "interestExpense": "0", "nonInterestIncome": "None", "otherNonOperatingIncome": "None", "depreciation": "None", "depreciationAndAmortization": "618000", "incomeBeforeTax": "2835000", "incomeTaxExpense": "1301000", "interestAndDebtExpense": "None", "netIncomeFromContinuingOperations": "0", "comprehensiveIncomeNetOfTax": "None", "ebit": "2691000", "ebitda": "3309000", "netIncome": "1534000"}, {"fiscalDateEnding": "2006-12-31", "reportedCurrency": "USD", "grossProfit": "10011000", "totalRevenue": "10011000", "costOfRevenue": "5401000", "costofGoodsAndServicesSold": "5401000", "operatingIncome": "-27094000", "sellingGeneralAndAdministrative": "4051000", "researchAndDevelopment": "0", "operatingExpenses": "-37105000", "investmentIncomeNet": "None", "netInterestIncome": "None", "interestIncome": "None", "interestExpense": "0", "nonInterestIncome": "None", "otherNonOperatingIncome": "None", "depreciation": "None", "depreciationAndAmortization": "None", "incomeBeforeTax": "1636000", "incomeTaxExpense": "-449000", "interestAndDebtExpense": "None", "netIncomeFromContinuingOperations": "0", "comprehensiveIncomeNetOfTax": "None", "ebit": "0", "ebitda": "-27094000", "netIncome": "449000"}, {"fiscalDateEnding": "2006-09-30", "reportedCurrency": "USD", "grossProfit": "10011000", "totalRevenue": "10011000", "costOfRevenue": "4635000", "costofGoodsAndServicesSold": "4635000", "operatingIncome": "10011000", "sellingGeneralAndAdministrative": "3594000", "researchAndDevelopment": "0", "operatingExpenses": "9000000", "investmentIncomeNet": "None", "netInterestIncome": "None", "interestIncome": "None", "interestExpense": "0", "nonInterestIncome": "None", "otherNonOperatingIncome": "None", "depreciation": "None", "depreciationAndAmortization": "None", "incomeBeforeTax": "1593000", "incomeTaxExpense": "-450000", "interestAndDebtExpense": "None", "netIncomeFromContinuingOperations": "0", "comprehensiveIncomeNetOfTax": "None", "ebit": "0", "ebitda": "10011000", "netIncome": "450000"}, {"fiscalDateEnding": "2006-06-30", "reportedCurrency": "USD", "grossProfit": "10011000", "totalRevenue": "10011000", "costOfRevenue": "4161000", "costofGoodsAndServicesSold": "4161000", "operatingIncome": "10011000", "sellingGeneralAndAdministrative": "3368000", "researchAndDevelopment": "0", "operatingExpenses": "0", "investmentIncomeNet": "None", "netInterestIncome": "None", "interestIncome": "None", "interestExpense": "0", "nonInterestIncome": "None", "otherNonOperatingIncome": "None", "depreciation": "None", "depreciationAndAmortization": "None", "incomeBeforeTax": "875000", "incomeTaxExpense": "-5991000", "interestAndDebtExpense": "None", "netIncomeFromContinuingOperations": "0", "comprehensiveIncomeNetOfTax": "None", "ebit": "0", "ebitda": "10011000", "netIncome": "5991000"}, {"fiscalDateEnding": "2006-03-31", "reportedCurrency": "USD", "grossProfit": "10011000", "totalRevenue": "10011000", "costOfRevenue": "3762000", "costofGoodsAndServicesSold": "3762000", "operatingIncome": "10011000", "sellingGeneralAndAdministrative": "3032000", "researchAndDevelopment": "0", "operatingExpenses": "0", "investmentIncomeNet": "None", "netInterestIncome": "None", "interestIncome": "None", "interestExpense": "0", "nonInterestIncome": "None", "otherNonOperatingIncome": "None", "depreciation": "None", "depreciationAndAmortization": "None", "incomeBeforeTax": "1096000", "incomeTaxExpense": "-450000", "interestAndDebtExpense": "None", "netIncomeFromContinuingOperations": "0", "comprehensiveIncomeNetOfTax": "None", "ebit": "0", "ebitda": "10011000", "netIncome": "450000"}, {"fiscalDateEnding": "2005-12-31", "reportedCurrency": "USD", "grossProfit": "7044000", "totalRevenue": "7044000", "costOfRevenue": "None", "costofGoodsAndServicesSold": "None", "operatingIncome": "-18910000", "sellingGeneralAndAdministrative": "None", "researchAndDevelopment": "None", "operatingExpenses": "-25954000", "investmentIncomeNet": "None", "netInterestIncome": "None", "interestIncome": "None", "interestExpense": "None", "nonInterestIncome": "None", "otherNonOperatingIncome": "None", "depreciation": "None", "depreciationAndAmortization": "None", "incomeBeforeTax": "None", "incomeTaxExpense": "-271000", "interestAndDebtExpense": "None", "netIncomeFromContinuingOperations": "None", "comprehensiveIncomeNetOfTax": "None", "ebit": "None", "ebitda": "-18910000", "netIncome": "271000"}, {"fiscalDateEnding": "2005-09-30", "reportedCurrency": "USD", "grossProfit": "7045000", "totalRevenue": "7045000", "costOfRevenue": "None", "costofGoodsAndServicesSold": "None", "operatingIncome": "7045000", "sellingGeneralAndAdministrative": "None", "researchAndDevelopment": "None", "operatingExpenses": "None", "investmentIncomeNet": "None", "netInterestIncome": "None", "interestIncome": "None", "interestExpense": "None", "nonInterestIncome": "None", "otherNonOperatingIncome": "None", "depreciation": "None", "depreciationAndAmortization": "None", "incomeBeforeTax": "None", "incomeTaxExpense": "-271000", "interestAndDebtExpense": "None", "netIncomeFromContinuingOperations": "None", "comprehensiveIncomeNetOfTax": "None", "ebit": "None", "ebitda": "7045000", "netIncome": "271000"}]}