{"symbol": "AGH", "annualReports": [{"fiscalDateEnding": "2024-12-31", "reportedCurrency": "USD", "grossProfit": "964768", "totalRevenue": "3298361", "costOfRevenue": "2333593", "costofGoodsAndServicesSold": "2333593", "operatingIncome": "-182032", "sellingGeneralAndAdministrative": "945687", "researchAndDevelopment": "None", "operatingExpenses": "1146800", "investmentIncomeNet": "None", "netInterestIncome": "-25550", "interestIncome": "None", "interestExpense": "25550", "nonInterestIncome": "None", "otherNonOperatingIncome": "None", "depreciation": "None", "depreciationAndAmortization": "201113", "incomeBeforeTax": "-162764", "incomeTaxExpense": "20936", "interestAndDebtExpense": "None", "netIncomeFromContinuingOperations": "-183700", "comprehensiveIncomeNetOfTax": "None", "ebit": "-182032", "ebitda": "19081", "netIncome": "-183700"}, {"fiscalDateEnding": "2023-12-31", "reportedCurrency": "USD", "grossProfit": "2062922", "totalRevenue": "3554712", "costOfRevenue": "1491790", "costofGoodsAndServicesSold": "1491790", "operatingIncome": "253158", "sellingGeneralAndAdministrative": "1635557", "researchAndDevelopment": "None", "operatingExpenses": "1809764", "investmentIncomeNet": "None", "netInterestIncome": "-30393", "interestIncome": "None", "interestExpense": "30393", "nonInterestIncome": "None", "otherNonOperatingIncome": "None", "depreciation": "None", "depreciationAndAmortization": "174207", "incomeBeforeTax": "250863", "incomeTaxExpense": "-135265", "interestAndDebtExpense": "None", "netIncomeFromContinuingOperations": "386128", "comprehensiveIncomeNetOfTax": "None", "ebit": "281256", "ebitda": "455463", "netIncome": "386128"}, {"fiscalDateEnding": "2022-12-31", "reportedCurrency": "USD", "grossProfit": "1212080", "totalRevenue": "3008654", "costOfRevenue": "1796574", "costofGoodsAndServicesSold": "1796574", "operatingIncome": "468246", "sellingGeneralAndAdministrative": "580463", "researchAndDevelopment": "None", "operatingExpenses": "743834", "investmentIncomeNet": "None", "netInterestIncome": "-36196", "interestIncome": "None", "interestExpense": "36196", "nonInterestIncome": "None", "otherNonOperatingIncome": "None", "depreciation": "None", "depreciationAndAmortization": "163371", "incomeBeforeTax": "440950", "incomeTaxExpense": "117757", "interestAndDebtExpense": "None", "netIncomeFromContinuingOperations": "323193", "comprehensiveIncomeNetOfTax": "None", "ebit": "468246", "ebitda": "631617", "netIncome": "323193"}, {"fiscalDateEnding": "2021-12-31", "reportedCurrency": "USD", "grossProfit": "839630", "totalRevenue": "2409585", "costOfRevenue": "1569955", "costofGoodsAndServicesSold": "1569955", "operatingIncome": "199901", "sellingGeneralAndAdministrative": "481441", "researchAndDevelopment": "None", "operatingExpenses": "639729", "investmentIncomeNet": "None", "netInterestIncome": "-19496", "interestIncome": "None", "interestExpense": "19496", "nonInterestIncome": "None", "otherNonOperatingIncome": "None", "depreciation": "None", "depreciationAndAmortization": "158288", "incomeBeforeTax": "331798", "incomeTaxExpense": "53304", "interestAndDebtExpense": "None", "netIncomeFromContinuingOperations": "278494", "comprehensiveIncomeNetOfTax": "None", "ebit": "199901", "ebitda": "358189", "netIncome": "278494"}], "quarterlyReports": [{"fiscalDateEnding": "2025-09-30", "reportedCurrency": "USD", "grossProfit": "-1862324", "totalRevenue": "336878", "costOfRevenue": "2199202", "costofGoodsAndServicesSold": "2199202", "operatingIncome": "-2874300", "sellingGeneralAndAdministrative": "2841785", "researchAndDevelopment": "None", "operatingExpenses": "1011976", "investmentIncomeNet": "None", "netInterestIncome": "0", "interestIncome": "None", "interestExpense": "0", "nonInterestIncome": "None", "otherNonOperatingIncome": "None", "depreciation": "None", "depreciationAndAmortization": "55252", "incomeBeforeTax": "-2645863", "incomeTaxExpense": "-120442", "interestAndDebtExpense": "None", "netIncomeFromContinuingOperations": "-2525421", "comprehensiveIncomeNetOfTax": "None", "ebit": "-2645863", "ebitda": "-2590611", "netIncome": "-2525421"}, {"fiscalDateEnding": "2025-06-30", "reportedCurrency": "USD", "grossProfit": "204167", "totalRevenue": "602232", "costOfRevenue": "398065", "costofGoodsAndServicesSold": "398065", "operatingIncome": "-426503", "sellingGeneralAndAdministrative": "578657", "researchAndDevelopment": "None", "operatingExpenses": "630670", "investmentIncomeNet": "None", "netInterestIncome": "0", "interestIncome": "None", "interestExpense": "0", "nonInterestIncome": "None", "otherNonOperatingIncome": "None", "depreciation": "None", "depreciationAndAmortization": "52013", "incomeBeforeTax": "-342779", "incomeTaxExpense": "-53518", "interestAndDebtExpense": "None", "netIncomeFromContinuingOperations": "-289261", "comprehensiveIncomeNetOfTax": "None", "ebit": "-342779", "ebitda": "-290766", "netIncome": "-289261"}, {"fiscalDateEnding": "2025-03-31", "reportedCurrency": "USD", "grossProfit": "1031086", "totalRevenue": "1328371", "costOfRevenue": "297285", "costofGoodsAndServicesSold": "297285", "operatingIncome": "353037", "sellingGeneralAndAdministrative": "238124", "researchAndDevelopment": "None", "operatingExpenses": "678049", "investmentIncomeNet": "None", "netInterestIncome": "-4491", "interestIncome": "None", "interestExpense": "4491", "nonInterestIncome": "None", "otherNonOperatingIncome": "None", "depreciation": "None", "depreciationAndAmortization": "50784", "incomeBeforeTax": "410541", "incomeTaxExpense": "144329", "interestAndDebtExpense": "None", "netIncomeFromContinuingOperations": "266212", "comprehensiveIncomeNetOfTax": "None", "ebit": "353037", "ebitda": "403821", "netIncome": "266212"}, {"fiscalDateEnding": "2024-12-31", "reportedCurrency": "USD", "grossProfit": "62064", "totalRevenue": "659290", "costOfRevenue": "597226", "costofGoodsAndServicesSold": "597226", "operatingIncome": "-287634", "sellingGeneralAndAdministrative": "298976", "researchAndDevelopment": "None", "operatingExpenses": "349698", "investmentIncomeNet": "None", "netInterestIncome": "-3964", "interestIncome": "None", "interestExpense": "3964", "nonInterestIncome": "None", "otherNonOperatingIncome": "None", "depreciation": "None", "depreciationAndAmortization": "50722", "incomeBeforeTax": "-283564", "incomeTaxExpense": "-45193", "interestAndDebtExpense": "None", "netIncomeFromContinuingOperations": "-238371", "comprehensiveIncomeNetOfTax": "None", "ebit": "-287634", "ebitda": "-236912", "netIncome": "-238371"}, {"fiscalDateEnding": "2024-09-30", "reportedCurrency": "USD", "grossProfit": "72414", "totalRevenue": "436899", "costOfRevenue": "364485", "costofGoodsAndServicesSold": "364485", "operatingIncome": "-279733", "sellingGeneralAndAdministrative": "301794", "researchAndDevelopment": "None", "operatingExpenses": "352147", "investmentIncomeNet": "None", "netInterestIncome": "-5104", "interestIncome": "None", "interestExpense": "5104", "nonInterestIncome": "None", "otherNonOperatingIncome": "None", "depreciation": "None", "depreciationAndAmortization": "50353", "incomeBeforeTax": "-277320", "incomeTaxExpense": "-71708", "interestAndDebtExpense": "None", "netIncomeFromContinuingOperations": "-205612", "comprehensiveIncomeNetOfTax": "None", "ebit": "-272216", "ebitda": "-221863", "netIncome": "-205612"}, {"fiscalDateEnding": "2024-06-30", "reportedCurrency": "USD", "grossProfit": "279873", "totalRevenue": "648537", "costOfRevenue": "368664", "costofGoodsAndServicesSold": "368664", "operatingIncome": "-94775", "sellingGeneralAndAdministrative": "324617", "researchAndDevelopment": "None", "operatingExpenses": "374648", "investmentIncomeNet": "None", "netInterestIncome": "-6296", "interestIncome": "None", "interestExpense": "6296", "nonInterestIncome": "None", "otherNonOperatingIncome": "None", "depreciation": "None", "depreciationAndAmortization": "50031", "incomeBeforeTax": "-91246", "incomeTaxExpense": "-22145", "interestAndDebtExpense": "None", "netIncomeFromContinuingOperations": "-69101", "comprehensiveIncomeNetOfTax": "None", "ebit": "-94775", "ebitda": "-44744", "netIncome": "-69101"}, {"fiscalDateEnding": "2024-03-31", "reportedCurrency": "USD", "grossProfit": "1067480", "totalRevenue": "1553635", "costOfRevenue": "486155", "costofGoodsAndServicesSold": "486155", "operatingIncome": "480110", "sellingGeneralAndAdministrative": "537363", "researchAndDevelopment": "None", "operatingExpenses": "587370", "investmentIncomeNet": "None", "netInterestIncome": "-10186", "interestIncome": "None", "interestExpense": "10186", "nonInterestIncome": "None", "otherNonOperatingIncome": "None", "depreciation": "None", "depreciationAndAmortization": "50007", "incomeBeforeTax": "489366", "incomeTaxExpense": "159982", "interestAndDebtExpense": "None", "netIncomeFromContinuingOperations": "329384", "comprehensiveIncomeNetOfTax": "None", "ebit": "499552", "ebitda": "549559", "netIncome": "329384"}, {"fiscalDateEnding": "2023-12-31", "reportedCurrency": "USD", "grossProfit": "-1789", "totalRevenue": "601776", "costOfRevenue": "603565", "costofGoodsAndServicesSold": "603565", "operatingIncome": "-366375", "sellingGeneralAndAdministrative": "364586", "researchAndDevelopment": "None", "operatingExpenses": "364586", "investmentIncomeNet": "None", "netInterestIncome": "-8570", "interestIncome": "None", "interestExpense": "8570", "nonInterestIncome": "None", "otherNonOperatingIncome": "None", "depreciation": "None", "depreciationAndAmortization": "45031", "incomeBeforeTax": "-367324", "incomeTaxExpense": "-44124", "interestAndDebtExpense": "None", "netIncomeFromContinuingOperations": "-323200", "comprehensiveIncomeNetOfTax": "None", "ebit": "-358755", "ebitda": "-313724", "netIncome": "-323200"}, {"fiscalDateEnding": "2023-09-30", "reportedCurrency": "USD", "grossProfit": "-310", "totalRevenue": "439474", "costOfRevenue": "439784", "costofGoodsAndServicesSold": "439784", "operatingIncome": "-285031", "sellingGeneralAndAdministrative": "240653", "researchAndDevelopment": "None", "operatingExpenses": "284721", "investmentIncomeNet": "None", "netInterestIncome": "-7571", "interestIncome": "None", "interestExpense": "7571", "nonInterestIncome": "None", "otherNonOperatingIncome": "None", "depreciation": "None", "depreciationAndAmortization": "44068", "incomeBeforeTax": "-286345", "incomeTaxExpense": "-57129", "interestAndDebtExpense": "None", "netIncomeFromContinuingOperations": "-229216", "comprehensiveIncomeNetOfTax": "None", "ebit": "-285031", "ebitda": "-240963", "netIncome": "-229216"}, {"fiscalDateEnding": "2023-06-30", "reportedCurrency": "None", "grossProfit": "-37598", "totalRevenue": "694621", "costOfRevenue": "732219", "costofGoodsAndServicesSold": "732219", "operatingIncome": "-37598", "sellingGeneralAndAdministrative": "None", "researchAndDevelopment": "None", "operatingExpenses": "None", "investmentIncomeNet": "None", "netInterestIncome": "None", "interestIncome": "None", "interestExpense": "7075", "nonInterestIncome": "None", "otherNonOperatingIncome": "None", "depreciation": "None", "depreciationAndAmortization": "43104", "incomeBeforeTax": "-38302", "incomeTaxExpense": "-10059", "interestAndDebtExpense": "None", "netIncomeFromContinuingOperations": "None", "comprehensiveIncomeNetOfTax": "None", "ebit": "-37598", "ebitda": "5506", "netIncome": "-28243"}]}