{"symbol": "CI", "annualReports": [{"fiscalDateEnding": "2025-12-31", "reportedCurrency": "None", "grossProfit": "25986000000", "totalRevenue": "274952000000", "costOfRevenue": "248966000000", "costofGoodsAndServicesSold": "248966000000", "operatingIncome": "9129000000", "sellingGeneralAndAdministrative": "None", "researchAndDevelopment": "None", "operatingExpenses": "16857000000", "investmentIncomeNet": "None", "netInterestIncome": "None", "interestIncome": "None", "interestExpense": "1381000000", "nonInterestIncome": "None", "otherNonOperatingIncome": "None", "depreciation": "None", "depreciationAndAmortization": "2633000000", "incomeBeforeTax": "7593000000", "incomeTaxExpense": "1345000000", "interestAndDebtExpense": "None", "netIncomeFromContinuingOperations": "None", "comprehensiveIncomeNetOfTax": "None", "ebit": "9533000000", "ebitda": "12166000000", "netIncome": "5957000000"}, {"fiscalDateEnding": "2024-12-31", "reportedCurrency": "USD", "grossProfit": "25964000000", "totalRevenue": "247121000000", "costOfRevenue": "221157000000", "costofGoodsAndServicesSold": "221157000000", "operatingIncome": "9417000000", "sellingGeneralAndAdministrative": "14844000000", "researchAndDevelopment": "None", "operatingExpenses": "16547000000", "investmentIncomeNet": "None", "netInterestIncome": "-1435000000", "interestIncome": "3990000000", "interestExpense": "1435000000", "nonInterestIncome": "None", "otherNonOperatingIncome": "None", "depreciation": "None", "depreciationAndAmortization": "1754000000", "incomeBeforeTax": "5269000000", "incomeTaxExpense": "1491000000", "interestAndDebtExpense": "None", "netIncomeFromContinuingOperations": "3778000000", "comprehensiveIncomeNetOfTax": "None", "ebit": "9692000000", "ebitda": "11446000000", "netIncome": "3434000000"}, {"fiscalDateEnding": "2023-12-31", "reportedCurrency": "USD", "grossProfit": "25177000000", "totalRevenue": "195265000000", "costOfRevenue": "170088000000", "costofGoodsAndServicesSold": "170088000000", "operatingIncome": "8536000000", "sellingGeneralAndAdministrative": "14822000000", "researchAndDevelopment": "None", "operatingExpenses": "16641000000", "investmentIncomeNet": "None", "netInterestIncome": "-1410000000", "interestIncome": "1524000000", "interestExpense": "1446000000", "nonInterestIncome": "None", "otherNonOperatingIncome": "None", "depreciation": "None", "depreciationAndAmortization": "1812000000", "incomeBeforeTax": "5513000000", "incomeTaxExpense": "141000000", "interestAndDebtExpense": "None", "netIncomeFromContinuingOperations": "5451000000", "comprehensiveIncomeNetOfTax": "None", "ebit": "9034000000", "ebitda": "10846000000", "netIncome": "5164000000"}, {"fiscalDateEnding": "2022-12-31", "reportedCurrency": "USD", "grossProfit": "23500000000", "totalRevenue": "180518000000", "costOfRevenue": "157018000000", "costofGoodsAndServicesSold": "157018000000", "operatingIncome": "8450000000", "sellingGeneralAndAdministrative": "12738000000", "researchAndDevelopment": "None", "operatingExpenses": "15050000000", "investmentIncomeNet": "None", "netInterestIncome": "-1228000000", "interestIncome": "1228000000", "interestExpense": "1228000000", "nonInterestIncome": "None", "otherNonOperatingIncome": "434000000", "depreciation": "None", "depreciationAndAmortization": "1857000000", "incomeBeforeTax": "8397000000", "incomeTaxExpense": "1615000000", "interestAndDebtExpense": "None", "netIncomeFromContinuingOperations": "6668000000", "comprehensiveIncomeNetOfTax": "None", "ebit": "8579000000", "ebitda": "10436000000", "netIncome": "6704000000"}, {"fiscalDateEnding": "2021-12-31", "reportedCurrency": "USD", "grossProfit": "22951000000", "totalRevenue": "174069000000", "costOfRevenue": "151118000000", "costofGoodsAndServicesSold": "151118000000", "operatingIncome": "7941000000", "sellingGeneralAndAdministrative": "12242000000", "researchAndDevelopment": "None", "operatingExpenses": "15010000000", "investmentIncomeNet": "None", "netInterestIncome": "-1208000000", "interestIncome": "1208000000", "interestExpense": "1208000000", "nonInterestIncome": "None", "otherNonOperatingIncome": "-1349000000", "depreciation": "None", "depreciationAndAmortization": "1801000000", "incomeBeforeTax": "6790000000", "incomeTaxExpense": "1370000000", "interestAndDebtExpense": "None", "netIncomeFromContinuingOperations": "5415000000", "comprehensiveIncomeNetOfTax": "None", "ebit": "8162000000", "ebitda": "9963000000", "netIncome": "5370000000"}, {"fiscalDateEnding": "2020-12-31", "reportedCurrency": "USD", "grossProfit": "24207000000", "totalRevenue": "160401000000", "costOfRevenue": "136194000000", "costofGoodsAndServicesSold": "136194000000", "operatingIncome": "8153000000", "sellingGeneralAndAdministrative": "14072000000", "researchAndDevelopment": "None", "operatingExpenses": "16054000000", "investmentIncomeNet": "None", "netInterestIncome": "-1438000000", "interestIncome": "1438000000", "interestExpense": "1438000000", "nonInterestIncome": "None", "otherNonOperatingIncome": "2566000000", "depreciation": "None", "depreciationAndAmortization": "1803000000", "incomeBeforeTax": "10868000000", "incomeTaxExpense": "2379000000", "interestAndDebtExpense": "None", "netIncomeFromContinuingOperations": "8489000000", "comprehensiveIncomeNetOfTax": "None", "ebit": "8565000000", "ebitda": "10368000000", "netIncome": "8458000000"}, {"fiscalDateEnding": "2019-12-31", "reportedCurrency": "USD", "grossProfit": "25079000000", "totalRevenue": "153566000000", "costOfRevenue": "128487000000", "costofGoodsAndServicesSold": "128487000000", "operatingIncome": "8077000000", "sellingGeneralAndAdministrative": "14053000000", "researchAndDevelopment": "None", "operatingExpenses": "17002000000", "investmentIncomeNet": "None", "netInterestIncome": "-1682000000", "interestIncome": "1682000000", "interestExpense": "1682000000", "nonInterestIncome": "None", "otherNonOperatingIncome": "-1684000000", "depreciation": "None", "depreciationAndAmortization": "2767000000", "incomeBeforeTax": "6570000000", "incomeTaxExpense": "1450000000", "interestAndDebtExpense": "None", "netIncomeFromContinuingOperations": "5120000000", "comprehensiveIncomeNetOfTax": "None", "ebit": "8815000000", "ebitda": "11582000000", "netIncome": "5104000000"}, {"fiscalDateEnding": "2018-12-31", "reportedCurrency": "USD", "grossProfit": "16329000000", "totalRevenue": "48650000000", "costOfRevenue": "32321000000", "costofGoodsAndServicesSold": "32321000000", "operatingIncome": "4160000000", "sellingGeneralAndAdministrative": "11934000000", "researchAndDevelopment": "0", "operatingExpenses": "12169000000", "investmentIncomeNet": "None", "netInterestIncome": "-498000000", "interestIncome": "271000000", "interestExpense": "498000000", "nonInterestIncome": "None", "otherNonOperatingIncome": "-498000000", "depreciation": "None", "depreciationAndAmortization": "356000000", "incomeBeforeTax": "3581000000", "incomeTaxExpense": "935000000", "interestAndDebtExpense": "None", "netIncomeFromContinuingOperations": "2646000000", "comprehensiveIncomeNetOfTax": "None", "ebit": "4864000000", "ebitda": "5220000000", "netIncome": "2637000000"}, {"fiscalDateEnding": "2017-12-31", "reportedCurrency": "USD", "grossProfit": "14087000000", "totalRevenue": "41806000000", "costOfRevenue": "27719000000", "costofGoodsAndServicesSold": "27719000000", "operatingIncome": "3942000000", "sellingGeneralAndAdministrative": "9831000000", "researchAndDevelopment": "0", "operatingExpenses": "10145000000", "investmentIncomeNet": "None", "netInterestIncome": "-252000000", "interestIncome": "252000000", "interestExpense": "252000000", "nonInterestIncome": "None", "otherNonOperatingIncome": "None", "depreciation": "None", "depreciationAndAmortization": "250000000", "incomeBeforeTax": "3606000000", "incomeTaxExpense": "1374000000", "interestAndDebtExpense": "None", "netIncomeFromContinuingOperations": "2232000000", "comprehensiveIncomeNetOfTax": "None", "ebit": "4126000000", "ebitda": "4376000000", "netIncome": "2237000000"}, {"fiscalDateEnding": "2016-12-31", "reportedCurrency": "USD", "grossProfit": "13029000000", "totalRevenue": "39838000000", "costOfRevenue": "26809000000", "costofGoodsAndServicesSold": "26809000000", "operatingIncome": "3088000000", "sellingGeneralAndAdministrative": "9750000000", "researchAndDevelopment": "0", "operatingExpenses": "9941000000", "investmentIncomeNet": "None", "netInterestIncome": "None", "interestIncome": "None", "interestExpense": "278000000", "nonInterestIncome": "None", "otherNonOperatingIncome": "None", "depreciation": "None", "depreciationAndAmortization": "287000000", "incomeBeforeTax": "2979000000", "incomeTaxExpense": "1136000000", "interestAndDebtExpense": "None", "netIncomeFromContinuingOperations": "1843000000", "comprehensiveIncomeNetOfTax": "None", "ebit": "3252000000", "ebitda": "3539000000", "netIncome": "1867000000"}, {"fiscalDateEnding": "2015-12-31", "reportedCurrency": "USD", "grossProfit": "12452000000", "totalRevenue": "37876000000", "costOfRevenue": "25424000000", "costofGoodsAndServicesSold": "25424000000", "operatingIncome": "12360000000", "sellingGeneralAndAdministrative": "9750000000", "researchAndDevelopment": "0", "operatingExpenses": "92000000", "investmentIncomeNet": "None", "netInterestIncome": "None", "interestIncome": "None", "interestExpense": "0", "nonInterestIncome": "None", "otherNonOperatingIncome": "None", "depreciation": "None", "depreciationAndAmortization": "302000000", "incomeBeforeTax": "3327000000", "incomeTaxExpense": "1250000000", "interestAndDebtExpense": "None", "netIncomeFromContinuingOperations": "2077000000", "comprehensiveIncomeNetOfTax": "None", "ebit": "3493000000", "ebitda": "3795000000", "netIncome": "2094000000"}, {"fiscalDateEnding": "2014-12-31", "reportedCurrency": "USD", "grossProfit": "11673000000", "totalRevenue": "34914000000", "costOfRevenue": "23241000000", "costofGoodsAndServicesSold": "23241000000", "operatingIncome": "11588000000", "sellingGeneralAndAdministrative": "8819000000", "researchAndDevelopment": "0", "operatingExpenses": "85000000", "investmentIncomeNet": "None", "netInterestIncome": "None", "interestIncome": "None", "interestExpense": "0", "nonInterestIncome": "None", "otherNonOperatingIncome": "None", "depreciation": "None", "depreciationAndAmortization": "316000000", "incomeBeforeTax": "3304000000", "incomeTaxExpense": "1210000000", "interestAndDebtExpense": "None", "netIncomeFromContinuingOperations": "2094000000", "comprehensiveIncomeNetOfTax": "None", "ebit": "3304000000", "ebitda": "3620000000", "netIncome": "2102000000"}, {"fiscalDateEnding": "2013-12-31", "reportedCurrency": "USD", "grossProfit": "32380000000", "totalRevenue": "32380000000", "costOfRevenue": "28382000000", "costofGoodsAndServicesSold": "28382000000", "operatingIncome": "32380000000", "sellingGeneralAndAdministrative": "7566000000", "researchAndDevelopment": "0", "operatingExpenses": "30204000000", "investmentIncomeNet": "None", "netInterestIncome": "None", "interestIncome": "None", "interestExpense": "264000000", "nonInterestIncome": "None", "otherNonOperatingIncome": "None", "depreciation": "None", "depreciationAndAmortization": "597000000", "incomeBeforeTax": "2176000000", "incomeTaxExpense": "698000000", "interestAndDebtExpense": "None", "netIncomeFromContinuingOperations": "None", "comprehensiveIncomeNetOfTax": "None", "ebit": "2440000000", "ebitda": "3037000000", "netIncome": "1476000000"}, {"fiscalDateEnding": "2012-12-31", "reportedCurrency": "USD", "grossProfit": "29119000000", "totalRevenue": "29119000000", "costOfRevenue": "25560000000", "costofGoodsAndServicesSold": "25560000000", "operatingIncome": "2875000000", "sellingGeneralAndAdministrative": "0", "researchAndDevelopment": "0", "operatingExpenses": "26374000000", "investmentIncomeNet": "None", "netInterestIncome": "None", "interestIncome": "None", "interestExpense": "0", "nonInterestIncome": "None", "otherNonOperatingIncome": "None", "depreciation": "None", "depreciationAndAmortization": "-2875000000", "incomeBeforeTax": "2477000000", "incomeTaxExpense": "853000000", "interestAndDebtExpense": "None", "netIncomeFromContinuingOperations": "None", "comprehensiveIncomeNetOfTax": "None", "ebit": "2476000000", "ebitda": "-399000000", "netIncome": "1623000000"}, {"fiscalDateEnding": "2011-12-31", "reportedCurrency": "USD", "grossProfit": "21631000000", "totalRevenue": "21631000000", "costOfRevenue": "19444000000", "costofGoodsAndServicesSold": "19444000000", "operatingIncome": "1876000000", "sellingGeneralAndAdministrative": "5901000000", "researchAndDevelopment": "0", "operatingExpenses": "19755000000", "investmentIncomeNet": "None", "netInterestIncome": "None", "interestIncome": "None", "interestExpense": "202000000", "nonInterestIncome": "None", "otherNonOperatingIncome": "None", "depreciation": "None", "depreciationAndAmortization": "345000000", "incomeBeforeTax": "1876000000", "incomeTaxExpense": "615000000", "interestAndDebtExpense": "None", "netIncomeFromContinuingOperations": "None", "comprehensiveIncomeNetOfTax": "None", "ebit": "2170000000", "ebitda": "2515000000", "netIncome": "1260000000"}, {"fiscalDateEnding": "2010-12-31", "reportedCurrency": "USD", "grossProfit": "21073000000", "totalRevenue": "21073000000", "costOfRevenue": "18819000000", "costofGoodsAndServicesSold": "18819000000", "operatingIncome": "1802000000", "sellingGeneralAndAdministrative": "5744000000", "researchAndDevelopment": "None", "operatingExpenses": "19271000000", "investmentIncomeNet": "None", "netInterestIncome": "None", "interestIncome": "None", "interestExpense": "182000000", "nonInterestIncome": "None", "otherNonOperatingIncome": "None", "depreciation": "None", "depreciationAndAmortization": "292000000", "incomeBeforeTax": "1802000000", "incomeTaxExpense": "519000000", "interestAndDebtExpense": "None", "netIncomeFromContinuingOperations": "None", "comprehensiveIncomeNetOfTax": "None", "ebit": "2052000000", "ebitda": "2344000000", "netIncome": "1279000000"}, {"fiscalDateEnding": "2009-12-31", "reportedCurrency": "USD", "grossProfit": "18414000000", "totalRevenue": "18414000000", "costOfRevenue": "16075000000", "costofGoodsAndServicesSold": "16075000000", "operatingIncome": "1898000000", "sellingGeneralAndAdministrative": "5450000000", "researchAndDevelopment": "0", "operatingExpenses": "16516000000", "investmentIncomeNet": "None", "netInterestIncome": "None", "interestIncome": "None", "interestExpense": "166000000", "nonInterestIncome": "None", "otherNonOperatingIncome": "None", "depreciation": "None", "depreciationAndAmortization": "268000000", "incomeBeforeTax": "1898000000", "incomeTaxExpense": "594000000", "interestAndDebtExpense": "None", "netIncomeFromContinuingOperations": "None", "comprehensiveIncomeNetOfTax": "None", "ebit": "2064000000", "ebitda": "2332000000", "netIncome": "1302000000"}, {"fiscalDateEnding": "2008-12-31", "reportedCurrency": "USD", "grossProfit": "19101000000", "totalRevenue": "19101000000", "costOfRevenue": "18161000000", "costofGoodsAndServicesSold": "18161000000", "operatingIncome": "382000000", "sellingGeneralAndAdministrative": "5535000000", "researchAndDevelopment": "None", "operatingExpenses": "18719000000", "investmentIncomeNet": "None", "netInterestIncome": "None", "interestIncome": "None", "interestExpense": "0", "nonInterestIncome": "None", "otherNonOperatingIncome": "None", "depreciation": "None", "depreciationAndAmortization": "244000000", "incomeBeforeTax": "382000000", "incomeTaxExpense": "92000000", "interestAndDebtExpense": "None", "netIncomeFromContinuingOperations": "None", "comprehensiveIncomeNetOfTax": "None", "ebit": "107000000", "ebitda": "351000000", "netIncome": "292000000"}, {"fiscalDateEnding": "2007-12-31", "reportedCurrency": "USD", "grossProfit": "17623000000", "totalRevenue": "17623000000", "costOfRevenue": "15676000000", "costofGoodsAndServicesSold": "15676000000", "operatingIncome": "1631000000", "sellingGeneralAndAdministrative": "None", "researchAndDevelopment": "None", "operatingExpenses": "15992000000", "investmentIncomeNet": "None", "netInterestIncome": "None", "interestIncome": "None", "interestExpense": "0", "nonInterestIncome": "None", "otherNonOperatingIncome": "None", "depreciation": "None", "depreciationAndAmortization": "194000000", "incomeBeforeTax": "1631000000", "incomeTaxExpense": "511000000", "interestAndDebtExpense": "None", "netIncomeFromContinuingOperations": "None", "comprehensiveIncomeNetOfTax": "None", "ebit": "1586000000", "ebitda": "1780000000", "netIncome": "1115000000"}, {"fiscalDateEnding": "2006-12-31", "reportedCurrency": "USD", "grossProfit": "16547000000", "totalRevenue": "16547000000", "costOfRevenue": "14429000000", "costofGoodsAndServicesSold": "14429000000", "operatingIncome": "1731000000", "sellingGeneralAndAdministrative": "None", "researchAndDevelopment": "None", "operatingExpenses": "14816000000", "investmentIncomeNet": "None", "netInterestIncome": "None", "interestIncome": "None", "interestExpense": "0", "nonInterestIncome": "None", "otherNonOperatingIncome": "None", "depreciation": "None", "depreciationAndAmortization": "208000000", "incomeBeforeTax": "1731000000", "incomeTaxExpense": "572000000", "interestAndDebtExpense": "None", "netIncomeFromContinuingOperations": "None", "comprehensiveIncomeNetOfTax": "None", "ebit": "1731000000", "ebitda": "1939000000", "netIncome": "1155000000"}], "quarterlyReports": [{"fiscalDateEnding": "2025-12-31", "reportedCurrency": "None", "grossProfit": "5554000000", "totalRevenue": "72472000000", "costOfRevenue": "66918000000", "costofGoodsAndServicesSold": "66918000000", "operatingIncome": "2148000000", "sellingGeneralAndAdministrative": "3406000000", "researchAndDevelopment": "None", "operatingExpenses": "3406000000", "investmentIncomeNet": "None", "netInterestIncome": "None", "interestIncome": "None", "interestExpense": "335000000", "nonInterestIncome": "None", "otherNonOperatingIncome": "None", "depreciation": "None", "depreciationAndAmortization": "580000000", "incomeBeforeTax": "1629000000", "incomeTaxExpense": "395000000", "interestAndDebtExpense": "None", "netIncomeFromContinuingOperations": "None", "comprehensiveIncomeNetOfTax": "None", "ebit": "2148000000", "ebitda": "2728000000", "netIncome": "1234000000"}, {"fiscalDateEnding": "2025-09-30", "reportedCurrency": "USD", "grossProfit": "5940000000", "totalRevenue": "69748000000", "costOfRevenue": "63808000000", "costofGoodsAndServicesSold": "63808000000", "operatingIncome": "2578000000", "sellingGeneralAndAdministrative": "3362000000", "researchAndDevelopment": "None", "operatingExpenses": "3362000000", "investmentIncomeNet": "None", "netInterestIncome": "-347000000", "interestIncome": "321000000", "interestExpense": "347000000", "nonInterestIncome": "None", "otherNonOperatingIncome": "None", "depreciation": "None", "depreciationAndAmortization": "697000000", "incomeBeforeTax": "2295000000", "incomeTaxExpense": "322000000", "interestAndDebtExpense": "None", "netIncomeFromContinuingOperations": "1973000000", "comprehensiveIncomeNetOfTax": "None", "ebit": "2642000000", "ebitda": "3339000000", "netIncome": "1868000000"}, {"fiscalDateEnding": "2025-06-30", "reportedCurrency": "USD", "grossProfit": "7886000000", "totalRevenue": "67230000000", "costOfRevenue": "59344000000", "costofGoodsAndServicesSold": "59344000000", "operatingIncome": "2432000000", "sellingGeneralAndAdministrative": "3433000000", "researchAndDevelopment": "None", "operatingExpenses": "5454000000", "investmentIncomeNet": "None", "netInterestIncome": "-337000000", "interestIncome": "285000000", "interestExpense": "337000000", "nonInterestIncome": "None", "otherNonOperatingIncome": "None", "depreciation": "None", "depreciationAndAmortization": "682000000", "incomeBeforeTax": "2021000000", "incomeTaxExpense": "389000000", "interestAndDebtExpense": "None", "netIncomeFromContinuingOperations": "1632000000", "comprehensiveIncomeNetOfTax": "None", "ebit": "2358000000", "ebitda": "3040000000", "netIncome": "1532000000"}, {"fiscalDateEnding": "2025-03-31", "reportedCurrency": "USD", "grossProfit": "6606000000", "totalRevenue": "65502000000", "costOfRevenue": "58896000000", "costofGoodsAndServicesSold": "58896000000", "operatingIncome": "1971000000", "sellingGeneralAndAdministrative": "4213000000", "researchAndDevelopment": "None", "operatingExpenses": "4635000000", "investmentIncomeNet": "None", "netInterestIncome": "-362000000", "interestIncome": "364000000", "interestExpense": "362000000", "nonInterestIncome": "None", "otherNonOperatingIncome": "None", "depreciation": "None", "depreciationAndAmortization": "674000000", "incomeBeforeTax": "1648000000", "incomeTaxExpense": "239000000", "interestAndDebtExpense": "None", "netIncomeFromContinuingOperations": "1409000000", "comprehensiveIncomeNetOfTax": "None", "ebit": "2385000000", "ebitda": "3059000000", "netIncome": "1323000000"}, {"fiscalDateEnding": "2024-12-31", "reportedCurrency": "USD", "grossProfit": "6462000000", "totalRevenue": "65649000000", "costOfRevenue": "59187000000", "costofGoodsAndServicesSold": "59187000000", "operatingIncome": "2173000000", "sellingGeneralAndAdministrative": "3865000000", "researchAndDevelopment": "None", "operatingExpenses": "4289000000", "investmentIncomeNet": "None", "netInterestIncome": "-362000000", "interestIncome": "294000000", "interestExpense": "362000000", "nonInterestIncome": "None", "otherNonOperatingIncome": "None", "depreciation": "None", "depreciationAndAmortization": "646000000", "incomeBeforeTax": "2009000000", "incomeTaxExpense": "473000000", "interestAndDebtExpense": "None", "netIncomeFromContinuingOperations": "1536000000", "comprehensiveIncomeNetOfTax": "None", "ebit": "2295000000", "ebitda": "2941000000", "netIncome": "1424000000"}, {"fiscalDateEnding": "2024-09-30", "reportedCurrency": "USD", "grossProfit": "6602000000", "totalRevenue": "63694000000", "costOfRevenue": "57092000000", "costofGoodsAndServicesSold": "57092000000", "operatingIncome": "2576000000", "sellingGeneralAndAdministrative": "3590000000", "researchAndDevelopment": "None", "operatingExpenses": "4026000000", "investmentIncomeNet": "None", "netInterestIncome": "-376000000", "interestIncome": "1115000000", "interestExpense": "376000000", "nonInterestIncome": "None", "otherNonOperatingIncome": "None", "depreciation": "None", "depreciationAndAmortization": "650000000", "incomeBeforeTax": "1192000000", "incomeTaxExpense": "367000000", "interestAndDebtExpense": "None", "netIncomeFromContinuingOperations": "825000000", "comprehensiveIncomeNetOfTax": "None", "ebit": "2644000000", "ebitda": "3294000000", "netIncome": "739000000"}, {"fiscalDateEnding": "2024-06-30", "reportedCurrency": "USD", "grossProfit": "6516000000", "totalRevenue": "60523000000", "costOfRevenue": "54007000000", "costofGoodsAndServicesSold": "54007000000", "operatingIncome": "2412000000", "sellingGeneralAndAdministrative": "3684000000", "researchAndDevelopment": "None", "operatingExpenses": "4104000000", "investmentIncomeNet": "None", "netInterestIncome": "-375000000", "interestIncome": "None", "interestExpense": "375000000", "nonInterestIncome": "None", "otherNonOperatingIncome": "None", "depreciation": "None", "depreciationAndAmortization": "738000000", "incomeBeforeTax": "1989000000", "incomeTaxExpense": "360000000", "interestAndDebtExpense": "None", "netIncomeFromContinuingOperations": "1629000000", "comprehensiveIncomeNetOfTax": "None", "ebit": "2468000000", "ebitda": "3206000000", "netIncome": "1548000000"}, {"fiscalDateEnding": "2024-03-31", "reportedCurrency": "USD", "grossProfit": "6384000000", "totalRevenue": "57255000000", "costOfRevenue": "50871000000", "costofGoodsAndServicesSold": "50871000000", "operatingIncome": "2256000000", "sellingGeneralAndAdministrative": "3705000000", "researchAndDevelopment": "None", "operatingExpenses": "4128000000", "investmentIncomeNet": "None", "netInterestIncome": "-322000000", "interestIncome": "None", "interestExpense": "322000000", "nonInterestIncome": "None", "otherNonOperatingIncome": "None", "depreciation": "None", "depreciationAndAmortization": "741000000", "incomeBeforeTax": "79000000", "incomeTaxExpense": "291000000", "interestAndDebtExpense": "None", "netIncomeFromContinuingOperations": "-212000000", "comprehensiveIncomeNetOfTax": "None", "ebit": "2293000000", "ebitda": "3034000000", "netIncome": "-277000000"}, {"fiscalDateEnding": "2023-12-31", "reportedCurrency": "USD", "grossProfit": "6573000000", "totalRevenue": "51114000000", "costOfRevenue": "44541000000", "costofGoodsAndServicesSold": "44541000000", "operatingIncome": "2060000000", "sellingGeneralAndAdministrative": "4062000000", "researchAndDevelopment": "None", "operatingExpenses": "4513000000", "investmentIncomeNet": "None", "netInterestIncome": "-360000000", "interestIncome": "None", "interestExpense": "360000000", "nonInterestIncome": "None", "otherNonOperatingIncome": "None", "depreciation": "None", "depreciationAndAmortization": "765000000", "incomeBeforeTax": "188000000", "incomeTaxExpense": "-919000000", "interestAndDebtExpense": "None", "netIncomeFromContinuingOperations": "1107000000", "comprehensiveIncomeNetOfTax": "None", "ebit": "2372000000", "ebitda": "3137000000", "netIncome": "1029000000"}, {"fiscalDateEnding": "2023-09-30", "reportedCurrency": "USD", "grossProfit": "6482000000", "totalRevenue": "49048000000", "costOfRevenue": "42566000000", "costofGoodsAndServicesSold": "42566000000", "operatingIncome": "2240000000", "sellingGeneralAndAdministrative": "3788000000", "researchAndDevelopment": "None", "operatingExpenses": "4242000000", "investmentIncomeNet": "None", "netInterestIncome": "-365000000", "interestIncome": "379000000", "interestExpense": "365000000", "nonInterestIncome": "None", "otherNonOperatingIncome": "None", "depreciation": "None", "depreciationAndAmortization": "766000000", "incomeBeforeTax": "1840000000", "incomeTaxExpense": "391000000", "interestAndDebtExpense": "None", "netIncomeFromContinuingOperations": "1449000000", "comprehensiveIncomeNetOfTax": "None", "ebit": "2443000000", "ebitda": "3209000000", "netIncome": "1408000000"}, {"fiscalDateEnding": "2023-06-30", "reportedCurrency": "USD", "grossProfit": "6110000000", "totalRevenue": "48586000000", "costOfRevenue": "42476000000", "costofGoodsAndServicesSold": "42476000000", "operatingIncome": "2221000000", "sellingGeneralAndAdministrative": "3434000000", "researchAndDevelopment": "None", "operatingExpenses": "3889000000", "investmentIncomeNet": "None", "netInterestIncome": "-363000000", "interestIncome": "337000000", "interestExpense": "363000000", "nonInterestIncome": "None", "otherNonOperatingIncome": "-363000000", "depreciation": "None", "depreciationAndAmortization": "755000000", "incomeBeforeTax": "1884000000", "incomeTaxExpense": "374000000", "interestAndDebtExpense": "None", "netIncomeFromContinuingOperations": "1510000000", "comprehensiveIncomeNetOfTax": "None", "ebit": "2216000000", "ebitda": "2971000000", "netIncome": "1460000000"}, {"fiscalDateEnding": "2023-03-31", "reportedCurrency": "USD", "grossProfit": "6012000000", "totalRevenue": "46517000000", "costOfRevenue": "40505000000", "costofGoodsAndServicesSold": "40505000000", "operatingIncome": "2015000000", "sellingGeneralAndAdministrative": "3538000000", "researchAndDevelopment": "None", "operatingExpenses": "3997000000", "investmentIncomeNet": "None", "netInterestIncome": "-358000000", "interestIncome": "358000000", "interestExpense": "358000000", "nonInterestIncome": "None", "otherNonOperatingIncome": "-358000000", "depreciation": "None", "depreciationAndAmortization": "749000000", "incomeBeforeTax": "1601000000", "incomeTaxExpense": "295000000", "interestAndDebtExpense": "None", "netIncomeFromContinuingOperations": "1306000000", "comprehensiveIncomeNetOfTax": "None", "ebit": "2003000000", "ebitda": "2752000000", "netIncome": "1267000000"}, {"fiscalDateEnding": "2022-12-31", "reportedCurrency": "USD", "grossProfit": "45743000000", "totalRevenue": "45751000000", "costOfRevenue": "32206000000", "costofGoodsAndServicesSold": "32206000000", "operatingIncome": "1725000000", "sellingGeneralAndAdministrative": "3460000000", "researchAndDevelopment": "None", "operatingExpenses": "9930000000", "investmentIncomeNet": "None", "netInterestIncome": "-324000000", "interestIncome": "324000000", "interestExpense": "324000000", "nonInterestIncome": "None", "otherNonOperatingIncome": "-397000000", "depreciation": "None", "depreciationAndAmortization": "735000000", "incomeBeforeTax": "1328000000", "incomeTaxExpense": "130000000", "interestAndDebtExpense": "None", "netIncomeFromContinuingOperations": "1169000000", "comprehensiveIncomeNetOfTax": "None", "ebit": "1623000000", "ebitda": "2358000000", "netIncome": "1169000000"}, {"fiscalDateEnding": "2022-09-30", "reportedCurrency": "USD", "grossProfit": "5753000000", "totalRevenue": "45281000000", "costOfRevenue": "39528000000", "costofGoodsAndServicesSold": "39528000000", "operatingIncome": "2142000000", "sellingGeneralAndAdministrative": "3124000000", "researchAndDevelopment": "None", "operatingExpenses": "3611000000", "investmentIncomeNet": "None", "netInterestIncome": "-304000000", "interestIncome": "304000000", "interestExpense": "304000000", "nonInterestIncome": "None", "otherNonOperatingIncome": "1431000000", "depreciation": "None", "depreciationAndAmortization": "726000000", "incomeBeforeTax": "3491000000", "incomeTaxExpense": "713000000", "interestAndDebtExpense": "None", "netIncomeFromContinuingOperations": "2778000000", "comprehensiveIncomeNetOfTax": "None", "ebit": "2149000000", "ebitda": "2875000000", "netIncome": "2757000000"}, {"fiscalDateEnding": "2022-06-30", "reportedCurrency": "USD", "grossProfit": "6136000000", "totalRevenue": "45478000000", "costOfRevenue": "39342000000", "costofGoodsAndServicesSold": "39342000000", "operatingIncome": "2371000000", "sellingGeneralAndAdministrative": "3256000000", "researchAndDevelopment": "None", "operatingExpenses": "3765000000", "investmentIncomeNet": "None", "netInterestIncome": "-301000000", "interestIncome": "301000000", "interestExpense": "301000000", "nonInterestIncome": "None", "otherNonOperatingIncome": "-301000000", "depreciation": "None", "depreciationAndAmortization": "759000000", "incomeBeforeTax": "1981000000", "incomeTaxExpense": "411000000", "interestAndDebtExpense": "None", "netIncomeFromContinuingOperations": "1572000000", "comprehensiveIncomeNetOfTax": "None", "ebit": "2384000000", "ebitda": "3143000000", "netIncome": "1557000000"}, {"fiscalDateEnding": "2022-03-31", "reportedCurrency": "USD", "grossProfit": "5921000000", "totalRevenue": "44006000000", "costOfRevenue": "38085000000", "costofGoodsAndServicesSold": "38085000000", "operatingIncome": "2188000000", "sellingGeneralAndAdministrative": "3299000000", "researchAndDevelopment": "None", "operatingExpenses": "3733000000", "investmentIncomeNet": "None", "netInterestIncome": "-299000000", "interestIncome": "299000000", "interestExpense": "299000000", "nonInterestIncome": "None", "otherNonOperatingIncome": "-299000000", "depreciation": "None", "depreciationAndAmortization": "717000000", "incomeBeforeTax": "1567000000", "incomeTaxExpense": "355000000", "interestAndDebtExpense": "None", "netIncomeFromContinuingOperations": "1198000000", "comprehensiveIncomeNetOfTax": "None", "ebit": "2224000000", "ebitda": "2941000000", "netIncome": "1197000000"}, {"fiscalDateEnding": "2021-12-31", "reportedCurrency": "USD", "grossProfit": "45688000000", "totalRevenue": "45768000000", "costOfRevenue": "-94941000000", "costofGoodsAndServicesSold": "-94941000000", "operatingIncome": "1537000000", "sellingGeneralAndAdministrative": "3383000000", "researchAndDevelopment": "None", "operatingExpenses": "13030000000", "investmentIncomeNet": "None", "netInterestIncome": "-293000000", "interestIncome": "293000000", "interestExpense": "293000000", "nonInterestIncome": "None", "otherNonOperatingIncome": "-293000000", "depreciation": "None", "depreciationAndAmortization": "743000000", "incomeBeforeTax": "1312000000", "incomeTaxExpense": "179000000", "interestAndDebtExpense": "None", "netIncomeFromContinuingOperations": "1133000000", "comprehensiveIncomeNetOfTax": "None", "ebit": "1588000000", "ebitda": "2331000000", "netIncome": "1116000000"}, {"fiscalDateEnding": "2021-09-30", "reportedCurrency": "USD", "grossProfit": "5888000000", "totalRevenue": "44288000000", "costOfRevenue": "38400000000", "costofGoodsAndServicesSold": "38400000000", "operatingIncome": "2294000000", "sellingGeneralAndAdministrative": "3080000000", "researchAndDevelopment": "None", "operatingExpenses": "3594000000", "investmentIncomeNet": "None", "netInterestIncome": "-303000000", "interestIncome": "303000000", "interestExpense": "303000000", "nonInterestIncome": "None", "otherNonOperatingIncome": "-303000000", "depreciation": "None", "depreciationAndAmortization": "734000000", "incomeBeforeTax": "2059000000", "incomeTaxExpense": "424000000", "interestAndDebtExpense": "None", "netIncomeFromContinuingOperations": "1635000000", "comprehensiveIncomeNetOfTax": "None", "ebit": "2286000000", "ebitda": "3020000000", "netIncome": "1621000000"}, {"fiscalDateEnding": "2021-06-30", "reportedCurrency": "USD", "grossProfit": "5646000000", "totalRevenue": "43131000000", "costOfRevenue": "37485000000", "costofGoodsAndServicesSold": "37485000000", "operatingIncome": "2147000000", "sellingGeneralAndAdministrative": "2996000000", "researchAndDevelopment": "None", "operatingExpenses": "3499000000", "investmentIncomeNet": "None", "netInterestIncome": "-298000000", "interestIncome": "298000000", "interestExpense": "298000000", "nonInterestIncome": "None", "otherNonOperatingIncome": "-308000000", "depreciation": "None", "depreciationAndAmortization": "731000000", "incomeBeforeTax": "1898000000", "incomeTaxExpense": "422000000", "interestAndDebtExpense": "None", "netIncomeFromContinuingOperations": "1476000000", "comprehensiveIncomeNetOfTax": "None", "ebit": "2143000000", "ebitda": "2874000000", "netIncome": "1467000000"}, {"fiscalDateEnding": "2021-03-31", "reportedCurrency": "USD", "grossProfit": "5731000000", "totalRevenue": "40971000000", "costOfRevenue": "35240000000", "costofGoodsAndServicesSold": "35240000000", "operatingIncome": "1957000000", "sellingGeneralAndAdministrative": "3279000000", "researchAndDevelopment": "None", "operatingExpenses": "3774000000", "investmentIncomeNet": "None", "netInterestIncome": "-314000000", "interestIncome": "314000000", "interestExpense": "314000000", "nonInterestIncome": "None", "otherNonOperatingIncome": "-445000000", "depreciation": "None", "depreciationAndAmortization": "715000000", "incomeBeforeTax": "1513000000", "incomeTaxExpense": "342000000", "interestAndDebtExpense": "None", "netIncomeFromContinuingOperations": "1171000000", "comprehensiveIncomeNetOfTax": "None", "ebit": "1936000000", "ebitda": "2651000000", "netIncome": "1161000000"}, {"fiscalDateEnding": "2020-12-31", "reportedCurrency": "USD", "grossProfit": "5806000000", "totalRevenue": "41712000000", "costOfRevenue": "35906000000", "costofGoodsAndServicesSold": "35906000000", "operatingIncome": "1345000000", "sellingGeneralAndAdministrative": "3398000000", "researchAndDevelopment": "None", "operatingExpenses": "4461000000", "investmentIncomeNet": "None", "netInterestIncome": "-337000000", "interestIncome": "337000000", "interestExpense": "337000000", "nonInterestIncome": "None", "otherNonOperatingIncome": "3866000000", "depreciation": "None", "depreciationAndAmortization": "713000000", "incomeBeforeTax": "5378000000", "incomeTaxExpense": "1236000000", "interestAndDebtExpense": "None", "netIncomeFromContinuingOperations": "4142000000", "comprehensiveIncomeNetOfTax": "None", "ebit": "1517000000", "ebitda": "2230000000", "netIncome": "4135000000"}, {"fiscalDateEnding": "2020-09-30", "reportedCurrency": "USD", "grossProfit": "5902000000", "totalRevenue": "40955000000", "costOfRevenue": "35053000000", "costofGoodsAndServicesSold": "35053000000", "operatingIncome": "2108000000", "sellingGeneralAndAdministrative": "3301000000", "researchAndDevelopment": "None", "operatingExpenses": "3794000000", "investmentIncomeNet": "None", "netInterestIncome": "-336000000", "interestIncome": "336000000", "interestExpense": "336000000", "nonInterestIncome": "None", "otherNonOperatingIncome": "-336000000", "depreciation": "None", "depreciationAndAmortization": "702000000", "incomeBeforeTax": "1804000000", "incomeTaxExpense": "406000000", "interestAndDebtExpense": "None", "netIncomeFromContinuingOperations": "1398000000", "comprehensiveIncomeNetOfTax": "None", "ebit": "2101000000", "ebitda": "2803000000", "netIncome": "1388000000"}, {"fiscalDateEnding": "2020-06-30", "reportedCurrency": "USD", "grossProfit": "6542000000", "totalRevenue": "39265000000", "costOfRevenue": "32723000000", "costofGoodsAndServicesSold": "32723000000", "operatingIncome": "2639000000", "sellingGeneralAndAdministrative": "3407000000", "researchAndDevelopment": "None", "operatingExpenses": "3903000000", "investmentIncomeNet": "None", "netInterestIncome": "-374000000", "interestIncome": "374000000", "interestExpense": "374000000", "nonInterestIncome": "None", "otherNonOperatingIncome": "-388000000", "depreciation": "None", "depreciationAndAmortization": "694000000", "incomeBeforeTax": "2289000000", "incomeTaxExpense": "529000000", "interestAndDebtExpense": "None", "netIncomeFromContinuingOperations": "1760000000", "comprehensiveIncomeNetOfTax": "None", "ebit": "2751000000", "ebitda": "3445000000", "netIncome": "1754000000"}, {"fiscalDateEnding": "2020-03-31", "reportedCurrency": "USD", "grossProfit": "5957000000", "totalRevenue": "38469000000", "costOfRevenue": "32512000000", "costofGoodsAndServicesSold": "32512000000", "operatingIncome": "2061000000", "sellingGeneralAndAdministrative": "3398000000", "researchAndDevelopment": "None", "operatingExpenses": "3896000000", "investmentIncomeNet": "None", "netInterestIncome": "-391000000", "interestIncome": "391000000", "interestExpense": "391000000", "nonInterestIncome": "None", "otherNonOperatingIncome": "-576000000", "depreciation": "None", "depreciationAndAmortization": "693000000", "incomeBeforeTax": "1397000000", "incomeTaxExpense": "208000000", "interestAndDebtExpense": "None", "netIncomeFromContinuingOperations": "1189000000", "comprehensiveIncomeNetOfTax": "None", "ebit": "2196000000", "ebitda": "2889000000", "netIncome": "1181000000"}, {"fiscalDateEnding": "2019-12-31", "reportedCurrency": "USD", "grossProfit": "6253000000", "totalRevenue": "38245000000", "costOfRevenue": "31992000000", "costofGoodsAndServicesSold": "31992000000", "operatingIncome": "1561000000", "sellingGeneralAndAdministrative": "3957000000", "researchAndDevelopment": "None", "operatingExpenses": "4692000000", "investmentIncomeNet": "None", "netInterestIncome": "-391000000", "interestIncome": "391000000", "interestExpense": "391000000", "nonInterestIncome": "None", "otherNonOperatingIncome": "None", "depreciation": "None", "depreciationAndAmortization": "43000000", "incomeBeforeTax": "1261000000", "incomeTaxExpense": "277000000", "interestAndDebtExpense": "None", "netIncomeFromContinuingOperations": "984000000", "comprehensiveIncomeNetOfTax": "None", "ebit": "1900000000", "ebitda": "1943000000", "netIncome": "977000000"}, {"fiscalDateEnding": "2019-09-30", "reportedCurrency": "USD", "grossProfit": "6270000000", "totalRevenue": "38556000000", "costOfRevenue": "32286000000", "costofGoodsAndServicesSold": "32286000000", "operatingIncome": "2123000000", "sellingGeneralAndAdministrative": "3413000000", "researchAndDevelopment": "None", "operatingExpenses": "4147000000", "investmentIncomeNet": "None", "netInterestIncome": "-411000000", "interestIncome": "411000000", "interestExpense": "411000000", "nonInterestIncome": "None", "otherNonOperatingIncome": "-411000000", "depreciation": "None", "depreciationAndAmortization": "913000000", "incomeBeforeTax": "1763000000", "incomeTaxExpense": "409000000", "interestAndDebtExpense": "None", "netIncomeFromContinuingOperations": "1354000000", "comprehensiveIncomeNetOfTax": "None", "ebit": "2191000000", "ebitda": "3104000000", "netIncome": "1351000000"}, {"fiscalDateEnding": "2019-06-30", "reportedCurrency": "USD", "grossProfit": "6280000000", "totalRevenue": "38819000000", "costOfRevenue": "32539000000", "costofGoodsAndServicesSold": "32539000000", "operatingIncome": "2163000000", "sellingGeneralAndAdministrative": "3380000000", "researchAndDevelopment": "None", "operatingExpenses": "4117000000", "investmentIncomeNet": "None", "netInterestIncome": "-428000000", "interestIncome": "428000000", "interestExpense": "428000000", "nonInterestIncome": "None", "otherNonOperatingIncome": "-428000000", "depreciation": "None", "depreciationAndAmortization": "914000000", "incomeBeforeTax": "1758000000", "incomeTaxExpense": "348000000", "interestAndDebtExpense": "None", "netIncomeFromContinuingOperations": "1410000000", "comprehensiveIncomeNetOfTax": "None", "ebit": "2383000000", "ebitda": "3297000000", "netIncome": "1408000000"}, {"fiscalDateEnding": "2019-03-31", "reportedCurrency": "USD", "grossProfit": "6276000000", "totalRevenue": "37946000000", "costOfRevenue": "31670000000", "costofGoodsAndServicesSold": "31670000000", "operatingIncome": "2230000000", "sellingGeneralAndAdministrative": "3303000000", "researchAndDevelopment": "None", "operatingExpenses": "4046000000", "investmentIncomeNet": "None", "netInterestIncome": "-452000000", "interestIncome": "452000000", "interestExpense": "452000000", "nonInterestIncome": "None", "otherNonOperatingIncome": "-452000000", "depreciation": "None", "depreciationAndAmortization": "897000000", "incomeBeforeTax": "1788000000", "incomeTaxExpense": "416000000", "interestAndDebtExpense": "None", "netIncomeFromContinuingOperations": "1372000000", "comprehensiveIncomeNetOfTax": "None", "ebit": "2341000000", "ebitda": "3238000000", "netIncome": "1368000000"}, {"fiscalDateEnding": "2018-12-31", "reportedCurrency": "USD", "grossProfit": "4175000000", "totalRevenue": "14300000000", "costOfRevenue": "10125000000", "costofGoodsAndServicesSold": "10125000000", "operatingIncome": "559000000", "sellingGeneralAndAdministrative": "11108000000", "researchAndDevelopment": "0", "operatingExpenses": "3616000000", "investmentIncomeNet": "None", "netInterestIncome": "None", "interestIncome": "None", "interestExpense": "244000000", "nonInterestIncome": "None", "otherNonOperatingIncome": "None", "depreciation": "None", "depreciationAndAmortization": "248000000", "incomeBeforeTax": "228000000", "incomeTaxExpense": "81000000", "interestAndDebtExpense": "None", "netIncomeFromContinuingOperations": "147000000", "comprehensiveIncomeNetOfTax": "None", "ebit": "1257000000", "ebitda": "1505000000", "netIncome": "144000000"}, {"fiscalDateEnding": "2018-09-30", "reportedCurrency": "USD", "grossProfit": "4052000000", "totalRevenue": "11457000000", "costOfRevenue": "7405000000", "costofGoodsAndServicesSold": "7405000000", "operatingIncome": "1132000000", "sellingGeneralAndAdministrative": "19000000", "researchAndDevelopment": "0", "operatingExpenses": "2920000000", "investmentIncomeNet": "None", "netInterestIncome": "None", "interestIncome": "None", "interestExpense": "99000000", "nonInterestIncome": "None", "otherNonOperatingIncome": "None", "depreciation": "None", "depreciationAndAmortization": "162000000", "incomeBeforeTax": "1033000000", "incomeTaxExpense": "259000000", "interestAndDebtExpense": "None", "netIncomeFromContinuingOperations": "774000000", "comprehensiveIncomeNetOfTax": "None", "ebit": "1133000000", "ebitda": "1295000000", "netIncome": "772000000"}, {"fiscalDateEnding": "2018-06-30", "reportedCurrency": "USD", "grossProfit": "4022000000", "totalRevenue": "11480000000", "costOfRevenue": "7458000000", "costofGoodsAndServicesSold": "7458000000", "operatingIncome": "1161000000", "sellingGeneralAndAdministrative": "19000000", "researchAndDevelopment": "0", "operatingExpenses": "2861000000", "investmentIncomeNet": "None", "netInterestIncome": "None", "interestIncome": "None", "interestExpense": "56000000", "nonInterestIncome": "None", "otherNonOperatingIncome": "None", "depreciation": "None", "depreciationAndAmortization": "136000000", "incomeBeforeTax": "1102000000", "incomeTaxExpense": "294000000", "interestAndDebtExpense": "None", "netIncomeFromContinuingOperations": "808000000", "comprehensiveIncomeNetOfTax": "None", "ebit": "1294000000", "ebitda": "1430000000", "netIncome": "806000000"}, {"fiscalDateEnding": "2018-03-31", "reportedCurrency": "USD", "grossProfit": "4080000000", "totalRevenue": "11413000000", "costOfRevenue": "7333000000", "costofGoodsAndServicesSold": "7333000000", "operatingIncome": "1308000000", "sellingGeneralAndAdministrative": "19000000", "researchAndDevelopment": "0", "operatingExpenses": "2772000000", "investmentIncomeNet": "None", "netInterestIncome": "None", "interestIncome": "None", "interestExpense": "57000000", "nonInterestIncome": "None", "otherNonOperatingIncome": "None", "depreciation": "None", "depreciationAndAmortization": "140000000", "incomeBeforeTax": "1218000000", "incomeTaxExpense": "301000000", "interestAndDebtExpense": "None", "netIncomeFromContinuingOperations": "917000000", "comprehensiveIncomeNetOfTax": "None", "ebit": "1370000000", "ebitda": "1510000000", "netIncome": "915000000"}, {"fiscalDateEnding": "2017-12-31", "reportedCurrency": "USD", "grossProfit": "3246000000", "totalRevenue": "10418000000", "costOfRevenue": "7172000000", "costofGoodsAndServicesSold": "7172000000", "operatingIncome": "3942000000", "sellingGeneralAndAdministrative": "8819000000", "researchAndDevelopment": "0", "operatingExpenses": "-696000000", "investmentIncomeNet": "None", "netInterestIncome": "None", "interestIncome": "None", "interestExpense": "60000000", "nonInterestIncome": "None", "otherNonOperatingIncome": "None", "depreciation": "None", "depreciationAndAmortization": "141000000", "incomeBeforeTax": "758000000", "incomeTaxExpense": "491000000", "interestAndDebtExpense": "None", "netIncomeFromContinuingOperations": "2321000000", "comprehensiveIncomeNetOfTax": "None", "ebit": "1123000000", "ebitda": "1264000000", "netIncome": "266000000"}, {"fiscalDateEnding": "2017-09-30", "reportedCurrency": "USD", "grossProfit": "3690000000", "totalRevenue": "10489000000", "costOfRevenue": "6799000000", "costofGoodsAndServicesSold": "6799000000", "operatingIncome": "3690000000", "sellingGeneralAndAdministrative": "612000000", "researchAndDevelopment": "0", "operatingExpenses": "9665000000", "investmentIncomeNet": "None", "netInterestIncome": "None", "interestIncome": "None", "interestExpense": "61000000", "nonInterestIncome": "None", "otherNonOperatingIncome": "None", "depreciation": "None", "depreciationAndAmortization": "139000000", "incomeBeforeTax": "824000000", "incomeTaxExpense": "262000000", "interestAndDebtExpense": "None", "netIncomeFromContinuingOperations": "880000000", "comprehensiveIncomeNetOfTax": "None", "ebit": "793000000", "ebitda": "932000000", "netIncome": "560000000"}, {"fiscalDateEnding": "2017-06-30", "reportedCurrency": "USD", "grossProfit": "3574000000", "totalRevenue": "10425000000", "costOfRevenue": "6851000000", "costofGoodsAndServicesSold": "6851000000", "operatingIncome": "3574000000", "sellingGeneralAndAdministrative": "0", "researchAndDevelopment": "0", "operatingExpenses": "9291000000", "investmentIncomeNet": "None", "netInterestIncome": "None", "interestIncome": "None", "interestExpense": "60000000", "nonInterestIncome": "None", "otherNonOperatingIncome": "None", "depreciation": "None", "depreciationAndAmortization": "140000000", "incomeBeforeTax": "1134000000", "incomeTaxExpense": "324000000", "interestAndDebtExpense": "None", "netIncomeFromContinuingOperations": "-1562000000", "comprehensiveIncomeNetOfTax": "None", "ebit": "1134000000", "ebitda": "1274000000", "netIncome": "813000000"}, {"fiscalDateEnding": "2017-03-31", "reportedCurrency": "USD", "grossProfit": "3577000000", "totalRevenue": "10474000000", "costOfRevenue": "6897000000", "costofGoodsAndServicesSold": "6897000000", "operatingIncome": "3577000000", "sellingGeneralAndAdministrative": "0", "researchAndDevelopment": "0", "operatingExpenses": "9584000000", "investmentIncomeNet": "None", "netInterestIncome": "None", "interestIncome": "None", "interestExpense": "62000000", "nonInterestIncome": "None", "otherNonOperatingIncome": "None", "depreciation": "None", "depreciationAndAmortization": "146000000", "incomeBeforeTax": "890000000", "incomeTaxExpense": "297000000", "interestAndDebtExpense": "None", "netIncomeFromContinuingOperations": "593000000", "comprehensiveIncomeNetOfTax": "None", "ebit": "900000000", "ebitda": "1046000000", "netIncome": "598000000"}, {"fiscalDateEnding": "2016-12-31", "reportedCurrency": "USD", "grossProfit": "3187000000", "totalRevenue": "9944000000", "costOfRevenue": "6757000000", "costofGoodsAndServicesSold": "6757000000", "operatingIncome": "3105000000", "sellingGeneralAndAdministrative": "8819000000", "researchAndDevelopment": "0", "operatingExpenses": "82000000", "investmentIncomeNet": "None", "netInterestIncome": "None", "interestIncome": "None", "interestExpense": "63000000", "nonInterestIncome": "None", "otherNonOperatingIncome": "None", "depreciation": "None", "depreciationAndAmortization": "150000000", "incomeBeforeTax": "605000000", "incomeTaxExpense": "231000000", "interestAndDebtExpense": "None", "netIncomeFromContinuingOperations": "1358000000", "comprehensiveIncomeNetOfTax": "None", "ebit": "1006000000", "ebitda": "1156000000", "netIncome": "382000000"}, {"fiscalDateEnding": "2016-09-30", "reportedCurrency": "USD", "grossProfit": "3207000000", "totalRevenue": "9880000000", "costOfRevenue": "6673000000", "costofGoodsAndServicesSold": "6673000000", "operatingIncome": "3207000000", "sellingGeneralAndAdministrative": "0", "researchAndDevelopment": "0", "operatingExpenses": "9138000000", "investmentIncomeNet": "None", "netInterestIncome": "None", "interestIncome": "None", "interestExpense": "63000000", "nonInterestIncome": "None", "otherNonOperatingIncome": "None", "depreciation": "None", "depreciationAndAmortization": "150000000", "incomeBeforeTax": "742000000", "incomeTaxExpense": "290000000", "interestAndDebtExpense": "None", "netIncomeFromContinuingOperations": "1524000000", "comprehensiveIncomeNetOfTax": "None", "ebit": "764000000", "ebitda": "914000000", "netIncome": "456000000"}, {"fiscalDateEnding": "2016-06-30", "reportedCurrency": "USD", "grossProfit": "3139000000", "totalRevenue": "9960000000", "costOfRevenue": "6821000000", "costofGoodsAndServicesSold": "6821000000", "operatingIncome": "3139000000", "sellingGeneralAndAdministrative": "0", "researchAndDevelopment": "0", "operatingExpenses": "9147000000", "investmentIncomeNet": "None", "netInterestIncome": "None", "interestIncome": "None", "interestExpense": "62000000", "nonInterestIncome": "None", "otherNonOperatingIncome": "None", "depreciation": "None", "depreciationAndAmortization": "152000000", "incomeBeforeTax": "813000000", "incomeTaxExpense": "310000000", "interestAndDebtExpense": "None", "netIncomeFromContinuingOperations": "-1553000000", "comprehensiveIncomeNetOfTax": "None", "ebit": "891000000", "ebitda": "1043000000", "netIncome": "510000000"}, {"fiscalDateEnding": "2016-03-31", "reportedCurrency": "USD", "grossProfit": "3181000000", "totalRevenue": "9884000000", "costOfRevenue": "6703000000", "costofGoodsAndServicesSold": "6703000000", "operatingIncome": "3181000000", "sellingGeneralAndAdministrative": "0", "researchAndDevelopment": "0", "operatingExpenses": "9065000000", "investmentIncomeNet": "None", "netInterestIncome": "None", "interestIncome": "None", "interestExpense": "63000000", "nonInterestIncome": "None", "otherNonOperatingIncome": "None", "depreciation": "None", "depreciationAndAmortization": "158000000", "incomeBeforeTax": "819000000", "incomeTaxExpense": "305000000", "interestAndDebtExpense": "None", "netIncomeFromContinuingOperations": "514000000", "comprehensiveIncomeNetOfTax": "None", "ebit": "819000000", "ebitda": "977000000", "netIncome": "519000000"}, {"fiscalDateEnding": "2015-12-31", "reportedCurrency": "USD", "grossProfit": "3075000000", "totalRevenue": "9528000000", "costOfRevenue": "6453000000", "costofGoodsAndServicesSold": "6453000000", "operatingIncome": "2983000000", "sellingGeneralAndAdministrative": "8819000000", "researchAndDevelopment": "0", "operatingExpenses": "92000000", "investmentIncomeNet": "None", "netInterestIncome": "None", "interestIncome": "None", "interestExpense": "62000000", "nonInterestIncome": "None", "otherNonOperatingIncome": "None", "depreciation": "None", "depreciationAndAmortization": "134000000", "incomeBeforeTax": "659000000", "incomeTaxExpense": "241000000", "interestAndDebtExpense": "None", "netIncomeFromContinuingOperations": "2077000000", "comprehensiveIncomeNetOfTax": "None", "ebit": "839000000", "ebitda": "973000000", "netIncome": "426000000"}, {"fiscalDateEnding": "2015-09-30", "reportedCurrency": "USD", "grossProfit": "3088000000", "totalRevenue": "9389000000", "costOfRevenue": "6301000000", "costofGoodsAndServicesSold": "6301000000", "operatingIncome": "3088000000", "sellingGeneralAndAdministrative": "0", "researchAndDevelopment": "0", "operatingExpenses": "8511000000", "investmentIncomeNet": "None", "netInterestIncome": "None", "interestIncome": "None", "interestExpense": "62000000", "nonInterestIncome": "None", "otherNonOperatingIncome": "None", "depreciation": "None", "depreciationAndAmortization": "149000000", "incomeBeforeTax": "878000000", "incomeTaxExpense": "334000000", "interestAndDebtExpense": "None", "netIncomeFromContinuingOperations": "0", "comprehensiveIncomeNetOfTax": "None", "ebit": "774000000", "ebitda": "923000000", "netIncome": "547000000"}, {"fiscalDateEnding": "2015-06-30", "reportedCurrency": "USD", "grossProfit": "3187000000", "totalRevenue": "9492000000", "costOfRevenue": "6305000000", "costofGoodsAndServicesSold": "6305000000", "operatingIncome": "3187000000", "sellingGeneralAndAdministrative": "0", "researchAndDevelopment": "0", "operatingExpenses": "8556000000", "investmentIncomeNet": "None", "netInterestIncome": "None", "interestIncome": "None", "interestExpense": "62000000", "nonInterestIncome": "None", "otherNonOperatingIncome": "None", "depreciation": "None", "depreciationAndAmortization": "151000000", "incomeBeforeTax": "936000000", "incomeTaxExpense": "352000000", "interestAndDebtExpense": "None", "netIncomeFromContinuingOperations": "0", "comprehensiveIncomeNetOfTax": "None", "ebit": "936000000", "ebitda": "1087000000", "netIncome": "588000000"}, {"fiscalDateEnding": "2015-03-31", "reportedCurrency": "USD", "grossProfit": "3102000000", "totalRevenue": "9467000000", "costOfRevenue": "6365000000", "costofGoodsAndServicesSold": "6365000000", "operatingIncome": "3102000000", "sellingGeneralAndAdministrative": "0", "researchAndDevelopment": "0", "operatingExpenses": "8613000000", "investmentIncomeNet": "None", "netInterestIncome": "None", "interestIncome": "None", "interestExpense": "66000000", "nonInterestIncome": "None", "otherNonOperatingIncome": "None", "depreciation": "None", "depreciationAndAmortization": "151000000", "incomeBeforeTax": "854000000", "incomeTaxExpense": "323000000", "interestAndDebtExpense": "None", "netIncomeFromContinuingOperations": "0", "comprehensiveIncomeNetOfTax": "None", "ebit": "854000000", "ebitda": "1005000000", "netIncome": "533000000"}, {"fiscalDateEnding": "2014-12-31", "reportedCurrency": "USD", "grossProfit": "2945000000", "totalRevenue": "8928000000", "costOfRevenue": "5983000000", "costofGoodsAndServicesSold": "5983000000", "operatingIncome": "2945000000", "sellingGeneralAndAdministrative": "8819000000", "researchAndDevelopment": "0", "operatingExpenses": "8196000000", "investmentIncomeNet": "None", "netInterestIncome": "None", "interestIncome": "None", "interestExpense": "69000000", "nonInterestIncome": "None", "otherNonOperatingIncome": "None", "depreciation": "None", "depreciationAndAmortization": "153000000", "incomeBeforeTax": "732000000", "incomeTaxExpense": "270000000", "interestAndDebtExpense": "None", "netIncomeFromContinuingOperations": "2094000000", "comprehensiveIncomeNetOfTax": "None", "ebit": "732000000", "ebitda": "885000000", "netIncome": "467000000"}, {"fiscalDateEnding": "2014-09-30", "reportedCurrency": "USD", "grossProfit": "2898000000", "totalRevenue": "8757000000", "costOfRevenue": "5859000000", "costofGoodsAndServicesSold": "5859000000", "operatingIncome": "2898000000", "sellingGeneralAndAdministrative": "0", "researchAndDevelopment": "0", "operatingExpenses": "7939000000", "investmentIncomeNet": "None", "netInterestIncome": "None", "interestIncome": "None", "interestExpense": "64000000", "nonInterestIncome": "None", "otherNonOperatingIncome": "None", "depreciation": "None", "depreciationAndAmortization": "146000000", "incomeBeforeTax": "818000000", "incomeTaxExpense": "287000000", "interestAndDebtExpense": "None", "netIncomeFromContinuingOperations": "0", "comprehensiveIncomeNetOfTax": "None", "ebit": "818000000", "ebitda": "964000000", "netIncome": "534000000"}, {"fiscalDateEnding": "2014-06-30", "reportedCurrency": "USD", "grossProfit": "2945000000", "totalRevenue": "8733000000", "costOfRevenue": "5788000000", "costofGoodsAndServicesSold": "5788000000", "operatingIncome": "2945000000", "sellingGeneralAndAdministrative": "0", "researchAndDevelopment": "0", "operatingExpenses": "7832000000", "investmentIncomeNet": "None", "netInterestIncome": "None", "interestIncome": "None", "interestExpense": "65000000", "nonInterestIncome": "None", "otherNonOperatingIncome": "None", "depreciation": "None", "depreciationAndAmortization": "139000000", "incomeBeforeTax": "901000000", "incomeTaxExpense": "329000000", "interestAndDebtExpense": "None", "netIncomeFromContinuingOperations": "0", "comprehensiveIncomeNetOfTax": "None", "ebit": "848000000", "ebitda": "987000000", "netIncome": "573000000"}, {"fiscalDateEnding": "2014-03-31", "reportedCurrency": "USD", "grossProfit": "2885000000", "totalRevenue": "8496000000", "costOfRevenue": "5611000000", "costofGoodsAndServicesSold": "5611000000", "operatingIncome": "2885000000", "sellingGeneralAndAdministrative": "0", "researchAndDevelopment": "0", "operatingExpenses": "7643000000", "investmentIncomeNet": "None", "netInterestIncome": "None", "interestIncome": "None", "interestExpense": "67000000", "nonInterestIncome": "None", "otherNonOperatingIncome": "None", "depreciation": "None", "depreciationAndAmortization": "150000000", "incomeBeforeTax": "853000000", "incomeTaxExpense": "324000000", "interestAndDebtExpense": "None", "netIncomeFromContinuingOperations": "0", "comprehensiveIncomeNetOfTax": "None", "ebit": "853000000", "ebitda": "1003000000", "netIncome": "528000000"}, {"fiscalDateEnding": "2013-12-31", "reportedCurrency": "USD", "grossProfit": "8151000000", "totalRevenue": "8112000000", "costOfRevenue": "7336000000", "costofGoodsAndServicesSold": "7336000000", "operatingIncome": "8112000000", "sellingGeneralAndAdministrative": "2030000000", "researchAndDevelopment": "0", "operatingExpenses": "7615000000", "investmentIncomeNet": "None", "netInterestIncome": "None", "interestIncome": "None", "interestExpense": "67000000", "nonInterestIncome": "None", "otherNonOperatingIncome": "None", "depreciation": "None", "depreciationAndAmortization": "152000000", "incomeBeforeTax": "536000000", "incomeTaxExpense": "176000000", "interestAndDebtExpense": "None", "netIncomeFromContinuingOperations": "0", "comprehensiveIncomeNetOfTax": "None", "ebit": "597000000", "ebitda": "749000000", "netIncome": "361000000"}, {"fiscalDateEnding": "2013-09-30", "reportedCurrency": "USD", "grossProfit": "8066000000", "totalRevenue": "8066000000", "costOfRevenue": "7053000000", "costofGoodsAndServicesSold": "7053000000", "operatingIncome": "8066000000", "sellingGeneralAndAdministrative": "0", "researchAndDevelopment": "0", "operatingExpenses": "7267000000", "investmentIncomeNet": "None", "netInterestIncome": "None", "interestIncome": "None", "interestExpense": "68000000", "nonInterestIncome": "None", "otherNonOperatingIncome": "None", "depreciation": "None", "depreciationAndAmortization": "146000000", "incomeBeforeTax": "799000000", "incomeTaxExpense": "246000000", "interestAndDebtExpense": "None", "netIncomeFromContinuingOperations": "0", "comprehensiveIncomeNetOfTax": "None", "ebit": "799000000", "ebitda": "945000000", "netIncome": "553000000"}, {"fiscalDateEnding": "2013-06-30", "reportedCurrency": "USD", "grossProfit": "7980000000", "totalRevenue": "7980000000", "costOfRevenue": "6959000000", "costofGoodsAndServicesSold": "6959000000", "operatingIncome": "835000000", "sellingGeneralAndAdministrative": "0", "researchAndDevelopment": "0", "operatingExpenses": "7145000000", "investmentIncomeNet": "None", "netInterestIncome": "None", "interestIncome": "None", "interestExpense": "68000000", "nonInterestIncome": "None", "otherNonOperatingIncome": "None", "depreciation": "None", "depreciationAndAmortization": "-835000000", "incomeBeforeTax": "767000000", "incomeTaxExpense": "261000000", "interestAndDebtExpense": "None", "netIncomeFromContinuingOperations": "0", "comprehensiveIncomeNetOfTax": "None", "ebit": "766000000", "ebitda": "-69000000", "netIncome": "505000000"}, {"fiscalDateEnding": "2013-03-31", "reportedCurrency": "USD", "grossProfit": "8183000000", "totalRevenue": "8222000000", "costOfRevenue": "7034000000", "costofGoodsAndServicesSold": "7034000000", "operatingIncome": "897000000", "sellingGeneralAndAdministrative": "0", "researchAndDevelopment": "0", "operatingExpenses": "8081000000", "investmentIncomeNet": "None", "netInterestIncome": "None", "interestIncome": "None", "interestExpense": "67000000", "nonInterestIncome": "None", "otherNonOperatingIncome": "None", "depreciation": "None", "depreciationAndAmortization": "-897000000", "incomeBeforeTax": "74000000", "incomeTaxExpense": "15000000", "interestAndDebtExpense": "None", "netIncomeFromContinuingOperations": "0", "comprehensiveIncomeNetOfTax": "None", "ebit": "72000000", "ebitda": "-825000000", "netIncome": "57000000"}, {"fiscalDateEnding": "2012-12-31", "reportedCurrency": "USD", "grossProfit": "7524000000", "totalRevenue": "7620000000", "costOfRevenue": "6676000000", "costofGoodsAndServicesSold": "6676000000", "operatingIncome": "739000000", "sellingGeneralAndAdministrative": "0", "researchAndDevelopment": "0", "operatingExpenses": "6934000000", "investmentIncomeNet": "None", "netInterestIncome": "None", "interestIncome": "None", "interestExpense": "67000000", "nonInterestIncome": "None", "otherNonOperatingIncome": "None", "depreciation": "None", "depreciationAndAmortization": "-739000000", "incomeBeforeTax": "619000000", "incomeTaxExpense": "212000000", "interestAndDebtExpense": "None", "netIncomeFromContinuingOperations": "0", "comprehensiveIncomeNetOfTax": "None", "ebit": "618000000", "ebitda": "-121000000", "netIncome": "406000000"}, {"fiscalDateEnding": "2012-09-30", "reportedCurrency": "USD", "grossProfit": "7376000000", "totalRevenue": "7323000000", "costOfRevenue": "6312000000", "costofGoodsAndServicesSold": "6312000000", "operatingIncome": "718000000", "sellingGeneralAndAdministrative": "1829000000", "researchAndDevelopment": "0", "operatingExpenses": "6537000000", "investmentIncomeNet": "None", "netInterestIncome": "None", "interestIncome": "None", "interestExpense": "68000000", "nonInterestIncome": "None", "otherNonOperatingIncome": "None", "depreciation": "None", "depreciationAndAmortization": "136000000", "incomeBeforeTax": "718000000", "incomeTaxExpense": "252000000", "interestAndDebtExpense": "None", "netIncomeFromContinuingOperations": "0", "comprehensiveIncomeNetOfTax": "None", "ebit": "786000000", "ebitda": "650000000", "netIncome": "466000000"}, {"fiscalDateEnding": "2012-06-30", "reportedCurrency": "USD", "grossProfit": "7335000000", "totalRevenue": "7335000000", "costOfRevenue": "6623000000", "costofGoodsAndServicesSold": "6623000000", "operatingIncome": "588000000", "sellingGeneralAndAdministrative": "0", "researchAndDevelopment": "0", "operatingExpenses": "6747000000", "investmentIncomeNet": "None", "netInterestIncome": "None", "interestIncome": "None", "interestExpense": "67000000", "nonInterestIncome": "None", "otherNonOperatingIncome": "None", "depreciation": "None", "depreciationAndAmortization": "144000000", "incomeBeforeTax": "588000000", "incomeTaxExpense": "208000000", "interestAndDebtExpense": "None", "netIncomeFromContinuingOperations": "0", "comprehensiveIncomeNetOfTax": "None", "ebit": "655000000", "ebitda": "799000000", "netIncome": "380000000"}, {"fiscalDateEnding": "2012-03-31", "reportedCurrency": "USD", "grossProfit": "6821000000", "totalRevenue": "6821000000", "costOfRevenue": "5949000000", "costofGoodsAndServicesSold": "5949000000", "operatingIncome": "552000000", "sellingGeneralAndAdministrative": "0", "researchAndDevelopment": "0", "operatingExpenses": "6269000000", "investmentIncomeNet": "None", "netInterestIncome": "None", "interestIncome": "None", "interestExpense": "66000000", "nonInterestIncome": "None", "otherNonOperatingIncome": "None", "depreciation": "None", "depreciationAndAmortization": "126000000", "incomeBeforeTax": "552000000", "incomeTaxExpense": "181000000", "interestAndDebtExpense": "None", "netIncomeFromContinuingOperations": "0", "comprehensiveIncomeNetOfTax": "None", "ebit": "618000000", "ebitda": "744000000", "netIncome": "371000000"}, {"fiscalDateEnding": "2011-12-31", "reportedCurrency": "USD", "grossProfit": "5463000000", "totalRevenue": "5463000000", "costOfRevenue": "4712000000", "costofGoodsAndServicesSold": "4712000000", "operatingIncome": "455000000", "sellingGeneralAndAdministrative": "0", "researchAndDevelopment": "0", "operatingExpenses": "5008000000", "investmentIncomeNet": "None", "netInterestIncome": "None", "interestIncome": "None", "interestExpense": "61000000", "nonInterestIncome": "None", "otherNonOperatingIncome": "None", "depreciation": "None", "depreciationAndAmortization": "93000000", "incomeBeforeTax": "455000000", "incomeTaxExpense": "165000000", "interestAndDebtExpense": "None", "netIncomeFromContinuingOperations": "0", "comprehensiveIncomeNetOfTax": "None", "ebit": "516000000", "ebitda": "609000000", "netIncome": "290000000"}, {"fiscalDateEnding": "2011-09-30", "reportedCurrency": "USD", "grossProfit": "5386000000", "totalRevenue": "5386000000", "costOfRevenue": "5202000000", "costofGoodsAndServicesSold": "5202000000", "operatingIncome": "273000000", "sellingGeneralAndAdministrative": "1448000000", "researchAndDevelopment": "0", "operatingExpenses": "5113000000", "investmentIncomeNet": "None", "netInterestIncome": "None", "interestIncome": "None", "interestExpense": "49000000", "nonInterestIncome": "None", "otherNonOperatingIncome": "None", "depreciation": "None", "depreciationAndAmortization": "86000000", "incomeBeforeTax": "273000000", "incomeTaxExpense": "90000000", "interestAndDebtExpense": "None", "netIncomeFromContinuingOperations": "0", "comprehensiveIncomeNetOfTax": "None", "ebit": "322000000", "ebitda": "408000000", "netIncome": "183000000"}, {"fiscalDateEnding": "2011-06-30", "reportedCurrency": "USD", "grossProfit": "5507000000", "totalRevenue": "5507000000", "costOfRevenue": "4784000000", "costofGoodsAndServicesSold": "4784000000", "operatingIncome": "592000000", "sellingGeneralAndAdministrative": "1383000000", "researchAndDevelopment": "0", "operatingExpenses": "4915000000", "investmentIncomeNet": "None", "netInterestIncome": "None", "interestIncome": "None", "interestExpense": "48000000", "nonInterestIncome": "None", "otherNonOperatingIncome": "None", "depreciation": "None", "depreciationAndAmortization": "83000000", "incomeBeforeTax": "592000000", "incomeTaxExpense": "201000000", "interestAndDebtExpense": "None", "netIncomeFromContinuingOperations": "0", "comprehensiveIncomeNetOfTax": "None", "ebit": "640000000", "ebitda": "723000000", "netIncome": "391000000"}, {"fiscalDateEnding": "2011-03-31", "reportedCurrency": "USD", "grossProfit": "5411000000", "totalRevenue": "5411000000", "costOfRevenue": "4705000000", "costofGoodsAndServicesSold": "4705000000", "operatingIncome": "579000000", "sellingGeneralAndAdministrative": "1482000000", "researchAndDevelopment": "0", "operatingExpenses": "4832000000", "investmentIncomeNet": "None", "netInterestIncome": "None", "interestIncome": "None", "interestExpense": "44000000", "nonInterestIncome": "None", "otherNonOperatingIncome": "None", "depreciation": "None", "depreciationAndAmortization": "83000000", "incomeBeforeTax": "579000000", "incomeTaxExpense": "165000000", "interestAndDebtExpense": "None", "netIncomeFromContinuingOperations": "0", "comprehensiveIncomeNetOfTax": "None", "ebit": "623000000", "ebitda": "706000000", "netIncome": "413000000"}, {"fiscalDateEnding": "2010-12-31", "reportedCurrency": "USD", "grossProfit": "5429000000", "totalRevenue": "5429000000", "costOfRevenue": "4659000000", "costofGoodsAndServicesSold": "4659000000", "operatingIncome": "545000000", "sellingGeneralAndAdministrative": "0", "researchAndDevelopment": "0", "operatingExpenses": "4884000000", "investmentIncomeNet": "None", "netInterestIncome": "None", "interestIncome": "None", "interestExpense": "47000000", "nonInterestIncome": "None", "otherNonOperatingIncome": "None", "depreciation": "None", "depreciationAndAmortization": "88000000", "incomeBeforeTax": "545000000", "incomeTaxExpense": "83000000", "interestAndDebtExpense": "None", "netIncomeFromContinuingOperations": "0", "comprehensiveIncomeNetOfTax": "None", "ebit": "456000000", "ebitda": "544000000", "netIncome": "461000000"}, {"fiscalDateEnding": "2010-09-30", "reportedCurrency": "USD", "grossProfit": "5266000000", "totalRevenue": "5266000000", "costOfRevenue": "4679000000", "costofGoodsAndServicesSold": "4679000000", "operatingIncome": "464000000", "sellingGeneralAndAdministrative": "1402000000", "researchAndDevelopment": "0", "operatingExpenses": "4802000000", "investmentIncomeNet": "None", "netInterestIncome": "None", "interestIncome": "None", "interestExpense": "47000000", "nonInterestIncome": "None", "otherNonOperatingIncome": "None", "depreciation": "None", "depreciationAndAmortization": "76000000", "incomeBeforeTax": "464000000", "incomeTaxExpense": "156000000", "interestAndDebtExpense": "None", "netIncomeFromContinuingOperations": "0", "comprehensiveIncomeNetOfTax": "None", "ebit": "511000000", "ebitda": "587000000", "netIncome": "307000000"}, {"fiscalDateEnding": "2010-06-30", "reportedCurrency": "USD", "grossProfit": "5353000000", "totalRevenue": "5353000000", "costOfRevenue": "4802000000", "costofGoodsAndServicesSold": "4802000000", "operatingIncome": "439000000", "sellingGeneralAndAdministrative": "1405000000", "researchAndDevelopment": "0", "operatingExpenses": "4914000000", "investmentIncomeNet": "None", "netInterestIncome": "None", "interestIncome": "None", "interestExpense": "88000000", "nonInterestIncome": "None", "otherNonOperatingIncome": "None", "depreciation": "None", "depreciationAndAmortization": "67000000", "incomeBeforeTax": "439000000", "incomeTaxExpense": "144000000", "interestAndDebtExpense": "None", "netIncomeFromContinuingOperations": "0", "comprehensiveIncomeNetOfTax": "None", "ebit": "527000000", "ebitda": "594000000", "netIncome": "294000000"}, {"fiscalDateEnding": "2010-03-31", "reportedCurrency": "USD", "grossProfit": "5205000000", "totalRevenue": "5205000000", "costOfRevenue": "4679000000", "costofGoodsAndServicesSold": "4679000000", "operatingIncome": "422000000", "sellingGeneralAndAdministrative": "1414000000", "researchAndDevelopment": "0", "operatingExpenses": "4783000000", "investmentIncomeNet": "None", "netInterestIncome": "None", "interestIncome": "None", "interestExpense": "43000000", "nonInterestIncome": "None", "otherNonOperatingIncome": "None", "depreciation": "None", "depreciationAndAmortization": "61000000", "incomeBeforeTax": "422000000", "incomeTaxExpense": "138000000", "interestAndDebtExpense": "None", "netIncomeFromContinuingOperations": "0", "comprehensiveIncomeNetOfTax": "None", "ebit": "360000000", "ebitda": "421000000", "netIncome": "283000000"}, {"fiscalDateEnding": "2009-12-31", "reportedCurrency": "USD", "grossProfit": "4636000000", "totalRevenue": "4636000000", "costOfRevenue": "4003000000", "costofGoodsAndServicesSold": "4003000000", "operatingIncome": "508000000", "sellingGeneralAndAdministrative": "0", "researchAndDevelopment": "0", "operatingExpenses": "4128000000", "investmentIncomeNet": "None", "netInterestIncome": "None", "interestIncome": "None", "interestExpense": "44000000", "nonInterestIncome": "None", "otherNonOperatingIncome": "None", "depreciation": "None", "depreciationAndAmortization": "61000000", "incomeBeforeTax": "508000000", "incomeTaxExpense": "177000000", "interestAndDebtExpense": "None", "netIncomeFromContinuingOperations": "0", "comprehensiveIncomeNetOfTax": "None", "ebit": "446000000", "ebitda": "507000000", "netIncome": "330000000"}, {"fiscalDateEnding": "2009-09-30", "reportedCurrency": "USD", "grossProfit": "4517000000", "totalRevenue": "4517000000", "costOfRevenue": "3915000000", "costofGoodsAndServicesSold": "3915000000", "operatingIncome": "487000000", "sellingGeneralAndAdministrative": "1342000000", "researchAndDevelopment": "0", "operatingExpenses": "4030000000", "investmentIncomeNet": "None", "netInterestIncome": "None", "interestIncome": "None", "interestExpense": "43000000", "nonInterestIncome": "None", "otherNonOperatingIncome": "None", "depreciation": "None", "depreciationAndAmortization": "62000000", "incomeBeforeTax": "487000000", "incomeTaxExpense": "157000000", "interestAndDebtExpense": "None", "netIncomeFromContinuingOperations": "0", "comprehensiveIncomeNetOfTax": "None", "ebit": "486000000", "ebitda": "548000000", "netIncome": "329000000"}, {"fiscalDateEnding": "2009-06-30", "reportedCurrency": "USD", "grossProfit": "4488000000", "totalRevenue": "4488000000", "costOfRevenue": "3773000000", "costofGoodsAndServicesSold": "3773000000", "operatingIncome": "630000000", "sellingGeneralAndAdministrative": "1330000000", "researchAndDevelopment": "0", "operatingExpenses": "3858000000", "investmentIncomeNet": "None", "netInterestIncome": "None", "interestIncome": "None", "interestExpense": "41000000", "nonInterestIncome": "None", "otherNonOperatingIncome": "None", "depreciation": "None", "depreciationAndAmortization": "76000000", "incomeBeforeTax": "630000000", "incomeTaxExpense": "195000000", "interestAndDebtExpense": "None", "netIncomeFromContinuingOperations": "0", "comprehensiveIncomeNetOfTax": "None", "ebit": "630000000", "ebitda": "706000000", "netIncome": "435000000"}, {"fiscalDateEnding": "2009-03-31", "reportedCurrency": "USD", "grossProfit": "4773000000", "totalRevenue": "4773000000", "costOfRevenue": "4384000000", "costofGoodsAndServicesSold": "4384000000", "operatingIncome": "273000000", "sellingGeneralAndAdministrative": "1392000000", "researchAndDevelopment": "0", "operatingExpenses": "4500000000", "investmentIncomeNet": "None", "netInterestIncome": "None", "interestIncome": "None", "interestExpense": "38000000", "nonInterestIncome": "None", "otherNonOperatingIncome": "None", "depreciation": "None", "depreciationAndAmortization": "69000000", "incomeBeforeTax": "273000000", "incomeTaxExpense": "65000000", "interestAndDebtExpense": "None", "netIncomeFromContinuingOperations": "0", "comprehensiveIncomeNetOfTax": "None", "ebit": "273000000", "ebitda": "342000000", "netIncome": "208000000"}, {"fiscalDateEnding": "2008-12-31", "reportedCurrency": "USD", "grossProfit": "4817000000", "totalRevenue": "4817000000", "costOfRevenue": "4997000000", "costofGoodsAndServicesSold": "4997000000", "operatingIncome": "-340000000", "sellingGeneralAndAdministrative": "0", "researchAndDevelopment": "0", "operatingExpenses": "5157000000", "investmentIncomeNet": "None", "netInterestIncome": "None", "interestIncome": "None", "interestExpense": "40000000", "nonInterestIncome": "None", "otherNonOperatingIncome": "None", "depreciation": "None", "depreciationAndAmortization": "63000000", "incomeBeforeTax": "-340000000", "incomeTaxExpense": "-130000000", "interestAndDebtExpense": "None", "netIncomeFromContinuingOperations": "0", "comprehensiveIncomeNetOfTax": "None", "ebit": "-402000000", "ebitda": "-339000000", "netIncome": "-209000000"}, {"fiscalDateEnding": "2008-09-30", "reportedCurrency": "USD", "grossProfit": "4852000000", "totalRevenue": "4852000000", "costOfRevenue": "4517000000", "costofGoodsAndServicesSold": "4517000000", "operatingIncome": "232000000", "sellingGeneralAndAdministrative": "0", "researchAndDevelopment": "0", "operatingExpenses": "4620000000", "investmentIncomeNet": "None", "netInterestIncome": "None", "interestIncome": "None", "interestExpense": "38000000", "nonInterestIncome": "None", "otherNonOperatingIncome": "None", "depreciation": "None", "depreciationAndAmortization": "64000000", "incomeBeforeTax": "233000000", "incomeTaxExpense": "62000000", "interestAndDebtExpense": "None", "netIncomeFromContinuingOperations": "0", "comprehensiveIncomeNetOfTax": "None", "ebit": "233000000", "ebitda": "297000000", "netIncome": "171000000"}, {"fiscalDateEnding": "2008-06-30", "reportedCurrency": "USD", "grossProfit": "4863000000", "totalRevenue": "4863000000", "costOfRevenue": "4269000000", "costofGoodsAndServicesSold": "4269000000", "operatingIncome": "413000000", "sellingGeneralAndAdministrative": "0", "researchAndDevelopment": "0", "operatingExpenses": "4450000000", "investmentIncomeNet": "None", "netInterestIncome": "None", "interestIncome": "None", "interestExpense": "37000000", "nonInterestIncome": "None", "otherNonOperatingIncome": "None", "depreciation": "None", "depreciationAndAmortization": "64000000", "incomeBeforeTax": "413000000", "incomeTaxExpense": "140000000", "interestAndDebtExpense": "None", "netIncomeFromContinuingOperations": "0", "comprehensiveIncomeNetOfTax": "None", "ebit": "348000000", "ebitda": "412000000", "netIncome": "272000000"}, {"fiscalDateEnding": "2008-03-31", "reportedCurrency": "USD", "grossProfit": "4569000000", "totalRevenue": "4569000000", "costOfRevenue": "4374000000", "costofGoodsAndServicesSold": "4374000000", "operatingIncome": "74000000", "sellingGeneralAndAdministrative": "0", "researchAndDevelopment": "0", "operatingExpenses": "4495000000", "investmentIncomeNet": "None", "netInterestIncome": "None", "interestIncome": "None", "interestExpense": "31000000", "nonInterestIncome": "None", "otherNonOperatingIncome": "None", "depreciation": "None", "depreciationAndAmortization": "53000000", "incomeBeforeTax": "74000000", "incomeTaxExpense": "18000000", "interestAndDebtExpense": "None", "netIncomeFromContinuingOperations": "0", "comprehensiveIncomeNetOfTax": "None", "ebit": "23000000", "ebitda": "76000000", "netIncome": "58000000"}, {"fiscalDateEnding": "2007-12-31", "reportedCurrency": "USD", "grossProfit": "4455000000", "totalRevenue": "4455000000", "costOfRevenue": "3989000000", "costofGoodsAndServicesSold": "3989000000", "operatingIncome": "388000000", "sellingGeneralAndAdministrative": "0", "researchAndDevelopment": "0", "operatingExpenses": "4067000000", "investmentIncomeNet": "None", "netInterestIncome": "None", "interestIncome": "None", "interestExpense": "31000000", "nonInterestIncome": "None", "otherNonOperatingIncome": "None", "depreciation": "None", "depreciationAndAmortization": "47000000", "incomeBeforeTax": "388000000", "incomeTaxExpense": "125000000", "interestAndDebtExpense": "None", "netIncomeFromContinuingOperations": "0", "comprehensiveIncomeNetOfTax": "None", "ebit": "341000000", "ebitda": "388000000", "netIncome": "263000000"}, {"fiscalDateEnding": "2007-09-30", "reportedCurrency": "USD", "grossProfit": "4413000000", "totalRevenue": "4413000000", "costOfRevenue": "3832000000", "costofGoodsAndServicesSold": "3832000000", "operatingIncome": "502000000", "sellingGeneralAndAdministrative": "0", "researchAndDevelopment": "0", "operatingExpenses": "3911000000", "investmentIncomeNet": "None", "netInterestIncome": "None", "interestIncome": "None", "interestExpense": "30000000", "nonInterestIncome": "None", "otherNonOperatingIncome": "None", "depreciation": "None", "depreciationAndAmortization": "49000000", "incomeBeforeTax": "502000000", "incomeTaxExpense": "139000000", "interestAndDebtExpense": "None", "netIncomeFromContinuingOperations": "0", "comprehensiveIncomeNetOfTax": "None", "ebit": "455000000", "ebitda": "504000000", "netIncome": "365000000"}, {"fiscalDateEnding": "2007-06-30", "reportedCurrency": "USD", "grossProfit": "4381000000", "totalRevenue": "4381000000", "costOfRevenue": "3977000000", "costofGoodsAndServicesSold": "3977000000", "operatingIncome": "328000000", "sellingGeneralAndAdministrative": "0", "researchAndDevelopment": "0", "operatingExpenses": "4053000000", "investmentIncomeNet": "None", "netInterestIncome": "None", "interestIncome": "None", "interestExpense": "32000000", "nonInterestIncome": "None", "otherNonOperatingIncome": "None", "depreciation": "None", "depreciationAndAmortization": "44000000", "incomeBeforeTax": "328000000", "incomeTaxExpense": "111000000", "interestAndDebtExpense": "None", "netIncomeFromContinuingOperations": "0", "comprehensiveIncomeNetOfTax": "None", "ebit": "309000000", "ebitda": "353000000", "netIncome": "198000000"}, {"fiscalDateEnding": "2007-03-31", "reportedCurrency": "USD", "grossProfit": "4374000000", "totalRevenue": "4374000000", "costOfRevenue": "3878000000", "costofGoodsAndServicesSold": "3878000000", "operatingIncome": "413000000", "sellingGeneralAndAdministrative": "0", "researchAndDevelopment": "0", "operatingExpenses": "3961000000", "investmentIncomeNet": "None", "netInterestIncome": "None", "interestIncome": "None", "interestExpense": "29000000", "nonInterestIncome": "None", "otherNonOperatingIncome": "None", "depreciation": "None", "depreciationAndAmortization": "54000000", "incomeBeforeTax": "413000000", "incomeTaxExpense": "136000000", "interestAndDebtExpense": "None", "netIncomeFromContinuingOperations": "0", "comprehensiveIncomeNetOfTax": "None", "ebit": "371000000", "ebitda": "425000000", "netIncome": "289000000"}, {"fiscalDateEnding": "2006-12-31", "reportedCurrency": "USD", "grossProfit": "4205000000", "totalRevenue": "4205000000", "costOfRevenue": "3700000000", "costofGoodsAndServicesSold": "3700000000", "operatingIncome": "349000000", "sellingGeneralAndAdministrative": "0", "researchAndDevelopment": "0", "operatingExpenses": "3856000000", "investmentIncomeNet": "None", "netInterestIncome": "None", "interestIncome": "None", "interestExpense": "28000000", "nonInterestIncome": "None", "otherNonOperatingIncome": "None", "depreciation": "None", "depreciationAndAmortization": "53000000", "incomeBeforeTax": "349000000", "incomeTaxExpense": "117000000", "interestAndDebtExpense": "None", "netIncomeFromContinuingOperations": "0", "comprehensiveIncomeNetOfTax": "None", "ebit": "349000000", "ebitda": "402000000", "netIncome": "232000000"}, {"fiscalDateEnding": "2006-09-30", "reportedCurrency": "USD", "grossProfit": "4137000000", "totalRevenue": "4137000000", "costOfRevenue": "3616000000", "costofGoodsAndServicesSold": "3616000000", "operatingIncome": "446000000", "sellingGeneralAndAdministrative": "0", "researchAndDevelopment": "0", "operatingExpenses": "3691000000", "investmentIncomeNet": "None", "netInterestIncome": "None", "interestIncome": "None", "interestExpense": "27000000", "nonInterestIncome": "None", "otherNonOperatingIncome": "None", "depreciation": "None", "depreciationAndAmortization": "48000000", "incomeBeforeTax": "446000000", "incomeTaxExpense": "144000000", "interestAndDebtExpense": "None", "netIncomeFromContinuingOperations": "0", "comprehensiveIncomeNetOfTax": "None", "ebit": "394000000", "ebitda": "442000000", "netIncome": "298000000"}, {"fiscalDateEnding": "2006-06-30", "reportedCurrency": "USD", "grossProfit": "4098000000", "totalRevenue": "4098000000", "costOfRevenue": "3613000000", "costofGoodsAndServicesSold": "3613000000", "operatingIncome": "408000000", "sellingGeneralAndAdministrative": "0", "researchAndDevelopment": "0", "operatingExpenses": "3690000000", "investmentIncomeNet": "None", "netInterestIncome": "None", "interestIncome": "None", "interestExpense": "24000000", "nonInterestIncome": "None", "otherNonOperatingIncome": "None", "depreciation": "None", "depreciationAndAmortization": "53000000", "incomeBeforeTax": "408000000", "incomeTaxExpense": "135000000", "interestAndDebtExpense": "None", "netIncomeFromContinuingOperations": "0", "comprehensiveIncomeNetOfTax": "None", "ebit": "408000000", "ebitda": "461000000", "netIncome": "273000000"}, {"fiscalDateEnding": "2006-03-31", "reportedCurrency": "USD", "grossProfit": "4107000000", "totalRevenue": "4107000000", "costOfRevenue": "3500000000", "costofGoodsAndServicesSold": "3500000000", "operatingIncome": "528000000", "sellingGeneralAndAdministrative": "0", "researchAndDevelopment": "0", "operatingExpenses": "3579000000", "investmentIncomeNet": "None", "netInterestIncome": "None", "interestIncome": "None", "interestExpense": "25000000", "nonInterestIncome": "None", "otherNonOperatingIncome": "None", "depreciation": "None", "depreciationAndAmortization": "54000000", "incomeBeforeTax": "528000000", "incomeTaxExpense": "176000000", "interestAndDebtExpense": "None", "netIncomeFromContinuingOperations": "0", "comprehensiveIncomeNetOfTax": "None", "ebit": "528000000", "ebitda": "582000000", "netIncome": "352000000"}, {"fiscalDateEnding": "2005-12-31", "reportedCurrency": "USD", "grossProfit": "4210000000", "totalRevenue": "4210000000", "costOfRevenue": "3825000000", "costofGoodsAndServicesSold": "3825000000", "operatingIncome": "308000000", "sellingGeneralAndAdministrative": "0", "researchAndDevelopment": "0", "operatingExpenses": "3902000000", "investmentIncomeNet": "None", "netInterestIncome": "None", "interestIncome": "None", "interestExpense": "26000000", "nonInterestIncome": "None", "otherNonOperatingIncome": "None", "depreciation": "None", "depreciationAndAmortization": "51000000", "incomeBeforeTax": "308000000", "incomeTaxExpense": "98000000", "interestAndDebtExpense": "None", "netIncomeFromContinuingOperations": "0", "comprehensiveIncomeNetOfTax": "None", "ebit": "308000000", "ebitda": "359000000", "netIncome": "210000000"}]}