{"symbol": "AOSL", "annualReports": [{"fiscalDateEnding": "2025-06-30", "reportedCurrency": "USD", "grossProfit": "161004000", "totalRevenue": "696162000", "costOfRevenue": "535158000", "costofGoodsAndServicesSold": "535158000", "operatingIncome": "-28436000", "sellingGeneralAndAdministrative": "95175000", "researchAndDevelopment": "94265000", "operatingExpenses": "189440000", "investmentIncomeNet": "None", "netInterestIncome": "1644000", "interestIncome": "4283000", "interestExpense": "2639000", "nonInterestIncome": "None", "otherNonOperatingIncome": "None", "depreciation": "None", "depreciationAndAmortization": "62396000", "incomeBeforeTax": "-105601000", "incomeTaxExpense": "-8625000", "interestAndDebtExpense": "None", "netIncomeFromContinuingOperations": "-96976000", "comprehensiveIncomeNetOfTax": "None", "ebit": "-25157000", "ebitda": "37239000", "netIncome": "-96976000"}, {"fiscalDateEnding": "2024-06-30", "reportedCurrency": "USD", "grossProfit": "171918000", "totalRevenue": "657274000", "costOfRevenue": "485356000", "costofGoodsAndServicesSold": "485356000", "operatingIncome": "-3756000", "sellingGeneralAndAdministrative": "85734000", "researchAndDevelopment": "89940000", "operatingExpenses": "175674000", "investmentIncomeNet": "None", "netInterestIncome": "1186000", "interestIncome": "5168000", "interestExpense": "3982000", "nonInterestIncome": "None", "otherNonOperatingIncome": "None", "depreciation": "None", "depreciationAndAmortization": "53757000", "incomeBeforeTax": "-7432000", "incomeTaxExpense": "3649000", "interestAndDebtExpense": "None", "netIncomeFromContinuingOperations": "-11081000", "comprehensiveIncomeNetOfTax": "None", "ebit": "1339000", "ebitda": "55096000", "netIncome": "-11081000"}, {"fiscalDateEnding": "2023-06-30", "reportedCurrency": "USD", "grossProfit": "199536000", "totalRevenue": "691321000", "costOfRevenue": "491785000", "costofGoodsAndServicesSold": "491785000", "operatingIncome": "22529000", "sellingGeneralAndAdministrative": "88861000", "researchAndDevelopment": "88146000", "operatingExpenses": "177007000", "investmentIncomeNet": "None", "netInterestIncome": "-1087000", "interestIncome": "3775000", "interestExpense": "1087000", "nonInterestIncome": "None", "otherNonOperatingIncome": "-1730000", "depreciation": "None", "depreciationAndAmortization": "43207000", "incomeBeforeTax": "19712000", "incomeTaxExpense": "5937000", "interestAndDebtExpense": "None", "netIncomeFromContinuingOperations": "12364000", "comprehensiveIncomeNetOfTax": "None", "ebit": "22529000", "ebitda": "65736000", "netIncome": "12364000"}, {"fiscalDateEnding": "2022-06-30", "reportedCurrency": "USD", "grossProfit": "268556000", "totalRevenue": "777552000", "costOfRevenue": "508996000", "costofGoodsAndServicesSold": "508996000", "operatingIncome": "102038000", "sellingGeneralAndAdministrative": "95259000", "researchAndDevelopment": "71259000", "operatingExpenses": "166518000", "investmentIncomeNet": "None", "netInterestIncome": "-3920000", "interestIncome": "None", "interestExpense": "3920000", "nonInterestIncome": "None", "otherNonOperatingIncome": "394323000", "depreciation": "None", "depreciationAndAmortization": "42851000", "incomeBeforeTax": "492441000", "incomeTaxExpense": "39258000", "interestAndDebtExpense": "None", "netIncomeFromContinuingOperations": "453183000", "comprehensiveIncomeNetOfTax": "None", "ebit": "102038000", "ebitda": "144889000", "netIncome": "453163000"}, {"fiscalDateEnding": "2021-06-30", "reportedCurrency": "USD", "grossProfit": "204543000", "totalRevenue": "656902000", "costOfRevenue": "452359000", "costofGoodsAndServicesSold": "452359000", "operatingIncome": "64076000", "sellingGeneralAndAdministrative": "77514000", "researchAndDevelopment": "62953000", "operatingExpenses": "140467000", "investmentIncomeNet": "None", "netInterestIncome": "-3852000", "interestIncome": "None", "interestExpense": "6308000", "nonInterestIncome": "None", "otherNonOperatingIncome": "-3852000", "depreciation": "None", "depreciationAndAmortization": "52685000", "incomeBeforeTax": "60224000", "incomeTaxExpense": "3935000", "interestAndDebtExpense": "None", "netIncomeFromContinuingOperations": "56289000", "comprehensiveIncomeNetOfTax": "None", "ebit": "66532000", "ebitda": "119217000", "netIncome": "58116000"}, {"fiscalDateEnding": "2020-06-30", "reportedCurrency": "USD", "grossProfit": "102731000", "totalRevenue": "464909000", "costOfRevenue": "362178000", "costofGoodsAndServicesSold": "362178000", "operatingIncome": "-13937000", "sellingGeneralAndAdministrative": "64816000", "researchAndDevelopment": "51252000", "operatingExpenses": "116668000", "investmentIncomeNet": "None", "netInterestIncome": "-3972000", "interestIncome": "None", "interestExpense": "2743000", "nonInterestIncome": "None", "otherNonOperatingIncome": "-3972000", "depreciation": "None", "depreciationAndAmortization": "45090000", "incomeBeforeTax": "-17909000", "incomeTaxExpense": "348000", "interestAndDebtExpense": "None", "netIncomeFromContinuingOperations": "-18257000", "comprehensiveIncomeNetOfTax": "None", "ebit": "-15166000", "ebitda": "29924000", "netIncome": "-6596000"}, {"fiscalDateEnding": "2019-06-30", "reportedCurrency": "USD", "grossProfit": "115378000", "totalRevenue": "450920000", "costOfRevenue": "335542000", "costofGoodsAndServicesSold": "335542000", "operatingIncome": "-7020000", "sellingGeneralAndAdministrative": "75967000", "researchAndDevelopment": "46431000", "operatingExpenses": "122398000", "investmentIncomeNet": "None", "netInterestIncome": "-6362000", "interestIncome": "6362000", "interestExpense": "6362000", "nonInterestIncome": "None", "otherNonOperatingIncome": "543000", "depreciation": "None", "depreciationAndAmortization": "32038000", "incomeBeforeTax": "-13382000", "incomeTaxExpense": "1256000", "interestAndDebtExpense": "None", "netIncomeFromContinuingOperations": "-12126000", "comprehensiveIncomeNetOfTax": "None", "ebit": "-7020000", "ebitda": "25018000", "netIncome": "-14638000"}, {"fiscalDateEnding": "2018-06-30", "reportedCurrency": "USD", "grossProfit": "111928000", "totalRevenue": "421553000", "costOfRevenue": "309625000", "costofGoodsAndServicesSold": "309625000", "operatingIncome": "8420000", "sellingGeneralAndAdministrative": "66164000", "researchAndDevelopment": "37344000", "operatingExpenses": "103508000", "investmentIncomeNet": "None", "netInterestIncome": "-2764000", "interestIncome": "2764000", "interestExpense": "2764000", "nonInterestIncome": "None", "otherNonOperatingIncome": "-1943000", "depreciation": "None", "depreciationAndAmortization": "29419000", "incomeBeforeTax": "5656000", "incomeTaxExpense": "708000", "interestAndDebtExpense": "None", "netIncomeFromContinuingOperations": "6364000", "comprehensiveIncomeNetOfTax": "None", "ebit": "8420000", "ebitda": "37839000", "netIncome": "14263000"}, {"fiscalDateEnding": "2017-06-30", "reportedCurrency": "USD", "grossProfit": "91821000", "totalRevenue": "383337000", "costOfRevenue": "291516000", "costofGoodsAndServicesSold": "291516000", "operatingIncome": "13144000", "sellingGeneralAndAdministrative": "48842000", "researchAndDevelopment": "29835000", "operatingExpenses": "78677000", "investmentIncomeNet": "None", "netInterestIncome": "-232000", "interestIncome": "232000", "interestExpense": "91000", "nonInterestIncome": "None", "otherNonOperatingIncome": "-141000", "depreciation": "None", "depreciationAndAmortization": "27188000", "incomeBeforeTax": "12912000", "incomeTaxExpense": "3652000", "interestAndDebtExpense": "None", "netIncomeFromContinuingOperations": "16564000", "comprehensiveIncomeNetOfTax": "None", "ebit": "13003000", "ebitda": "40191000", "netIncome": "13829000"}, {"fiscalDateEnding": "2016-06-30", "reportedCurrency": "USD", "grossProfit": "65822000", "totalRevenue": "335661000", "costOfRevenue": "269839000", "costofGoodsAndServicesSold": "269839000", "operatingIncome": "1510000", "sellingGeneralAndAdministrative": "37874000", "researchAndDevelopment": "26006000", "operatingExpenses": "63880000", "investmentIncomeNet": "None", "netInterestIncome": "-521000", "interestIncome": "521000", "interestExpense": "23000", "nonInterestIncome": "None", "otherNonOperatingIncome": "-498000", "depreciation": "None", "depreciationAndAmortization": "27303000", "incomeBeforeTax": "989000", "incomeTaxExpense": "4021000", "interestAndDebtExpense": "None", "netIncomeFromContinuingOperations": "5010000", "comprehensiveIncomeNetOfTax": "None", "ebit": "1012000", "ebitda": "28315000", "netIncome": "-2928000"}, {"fiscalDateEnding": "2015-06-30", "reportedCurrency": "USD", "grossProfit": "60482000", "totalRevenue": "327935000", "costOfRevenue": "267453000", "costofGoodsAndServicesSold": "267453000", "operatingIncome": "-3791000", "sellingGeneralAndAdministrative": "37198000", "researchAndDevelopment": "27075000", "operatingExpenses": "64273000", "investmentIncomeNet": "None", "netInterestIncome": "None", "interestIncome": "352000", "interestExpense": "181000", "nonInterestIncome": "None", "otherNonOperatingIncome": "106000", "depreciation": "None", "depreciationAndAmortization": "27547000", "incomeBeforeTax": "-3866000", "incomeTaxExpense": "4069000", "interestAndDebtExpense": "None", "netIncomeFromContinuingOperations": "-7935000", "comprehensiveIncomeNetOfTax": "None", "ebit": "-3685000", "ebitda": "23862000", "netIncome": "-7935000"}, {"fiscalDateEnding": "2014-06-30", "reportedCurrency": "USD", "grossProfit": "59071000", "totalRevenue": "318121000", "costOfRevenue": "259050000", "costofGoodsAndServicesSold": "259050000", "operatingIncome": "-193000", "sellingGeneralAndAdministrative": "34855000", "researchAndDevelopment": "24409000", "operatingExpenses": "59264000", "investmentIncomeNet": "None", "netInterestIncome": "None", "interestIncome": "None", "interestExpense": "266000", "nonInterestIncome": "None", "otherNonOperatingIncome": "124000", "depreciation": "None", "depreciationAndAmortization": "27876000", "incomeBeforeTax": "-335000", "incomeTaxExpense": "2973000", "interestAndDebtExpense": "None", "netIncomeFromContinuingOperations": "-3308000", "comprehensiveIncomeNetOfTax": "None", "ebit": "-69000", "ebitda": "27807000", "netIncome": "-3308000"}, {"fiscalDateEnding": "2013-06-30", "reportedCurrency": "USD", "grossProfit": "64585000", "totalRevenue": "337436000", "costOfRevenue": "272851000", "costofGoodsAndServicesSold": "272851000", "operatingIncome": "-1278000", "sellingGeneralAndAdministrative": "35473000", "researchAndDevelopment": "27833000", "operatingExpenses": "63306000", "investmentIncomeNet": "None", "netInterestIncome": "None", "interestIncome": "None", "interestExpense": "372000", "nonInterestIncome": "None", "otherNonOperatingIncome": "76000", "depreciation": "None", "depreciationAndAmortization": "29360000", "incomeBeforeTax": "-1574000", "incomeTaxExpense": "4001000", "interestAndDebtExpense": "None", "netIncomeFromContinuingOperations": "-5575000", "comprehensiveIncomeNetOfTax": "None", "ebit": "-1202000", "ebitda": "28158000", "netIncome": "-5575000"}, {"fiscalDateEnding": "2012-06-30", "reportedCurrency": "USD", "grossProfit": "83165000", "totalRevenue": "342291000", "costOfRevenue": "259126000", "costofGoodsAndServicesSold": "259126000", "operatingIncome": "16735000", "sellingGeneralAndAdministrative": "35800000", "researchAndDevelopment": "30630000", "operatingExpenses": "66430000", "investmentIncomeNet": "None", "netInterestIncome": "None", "interestIncome": "None", "interestExpense": "342000", "nonInterestIncome": "None", "otherNonOperatingIncome": "105000", "depreciation": "None", "depreciationAndAmortization": "25263000", "incomeBeforeTax": "16498000", "incomeTaxExpense": "3581000", "interestAndDebtExpense": "None", "netIncomeFromContinuingOperations": "12917000", "comprehensiveIncomeNetOfTax": "None", "ebit": "16840000", "ebitda": "42103000", "netIncome": "12917000"}, {"fiscalDateEnding": "2011-06-30", "reportedCurrency": "USD", "grossProfit": "105221000", "totalRevenue": "361308000", "costOfRevenue": "256087000", "costofGoodsAndServicesSold": "256087000", "operatingIncome": "37814000", "sellingGeneralAndAdministrative": "37937000", "researchAndDevelopment": "29470000", "operatingExpenses": "67407000", "investmentIncomeNet": "None", "netInterestIncome": "None", "interestIncome": "None", "interestExpense": "263000", "nonInterestIncome": "None", "otherNonOperatingIncome": "None", "depreciation": "None", "depreciationAndAmortization": "16678000", "incomeBeforeTax": "40436000", "incomeTaxExpense": "2609000", "interestAndDebtExpense": "None", "netIncomeFromContinuingOperations": "None", "comprehensiveIncomeNetOfTax": "None", "ebit": "37814000", "ebitda": "54492000", "netIncome": "37827000"}, {"fiscalDateEnding": "2010-06-30", "reportedCurrency": "USD", "grossProfit": "80303000", "totalRevenue": "301840000", "costOfRevenue": "221537000", "costofGoodsAndServicesSold": "221537000", "operatingIncome": "33140000", "sellingGeneralAndAdministrative": "26178000", "researchAndDevelopment": "20985000", "operatingExpenses": "47163000", "investmentIncomeNet": "None", "netInterestIncome": "None", "interestIncome": "None", "interestExpense": "188000", "nonInterestIncome": "None", "otherNonOperatingIncome": "None", "depreciation": "None", "depreciationAndAmortization": "9011000", "incomeBeforeTax": "39285000", "incomeTaxExpense": "1694000", "interestAndDebtExpense": "None", "netIncomeFromContinuingOperations": "None", "comprehensiveIncomeNetOfTax": "None", "ebit": "39510000", "ebitda": "48521000", "netIncome": "37591000"}, {"fiscalDateEnding": "2009-06-30", "reportedCurrency": "USD", "grossProfit": "39000000", "totalRevenue": "185076000", "costOfRevenue": "146076000", "costofGoodsAndServicesSold": "146076000", "operatingIncome": "-742000", "sellingGeneralAndAdministrative": "20569000", "researchAndDevelopment": "19173000", "operatingExpenses": "39742000", "investmentIncomeNet": "None", "netInterestIncome": "None", "interestIncome": "None", "interestExpense": "587000", "nonInterestIncome": "None", "otherNonOperatingIncome": "None", "depreciation": "None", "depreciationAndAmortization": "7528000", "incomeBeforeTax": "-716000", "incomeTaxExpense": "-174000", "interestAndDebtExpense": "None", "netIncomeFromContinuingOperations": "None", "comprehensiveIncomeNetOfTax": "None", "ebit": "-94000", "ebitda": "7434000", "netIncome": "-542000"}, {"fiscalDateEnding": "2008-06-30", "reportedCurrency": "USD", "grossProfit": "59311000", "totalRevenue": "248030000", "costOfRevenue": "188719000", "costofGoodsAndServicesSold": "188719000", "operatingIncome": "963000", "sellingGeneralAndAdministrative": "35636000", "researchAndDevelopment": "22712000", "operatingExpenses": "58348000", "investmentIncomeNet": "None", "netInterestIncome": "None", "interestIncome": "None", "interestExpense": "31018000", "nonInterestIncome": "None", "otherNonOperatingIncome": "None", "depreciation": "None", "depreciationAndAmortization": "3049000", "incomeBeforeTax": "-25189000", "incomeTaxExpense": "1567000", "interestAndDebtExpense": "None", "netIncomeFromContinuingOperations": "None", "comprehensiveIncomeNetOfTax": "None", "ebit": "963000", "ebitda": "4012000", "netIncome": "-26756000"}, {"fiscalDateEnding": "2007-06-30", "reportedCurrency": "USD", "grossProfit": "42258000", "totalRevenue": "198178000", "costOfRevenue": "155920000", "costofGoodsAndServicesSold": "155920000", "operatingIncome": "10373000", "sellingGeneralAndAdministrative": "16417000", "researchAndDevelopment": "15468000", "operatingExpenses": "31885000", "investmentIncomeNet": "None", "netInterestIncome": "None", "interestIncome": "None", "interestExpense": "42890000", "nonInterestIncome": "None", "otherNonOperatingIncome": "None", "depreciation": "None", "depreciationAndAmortization": "1860000", "incomeBeforeTax": "-30003000", "incomeTaxExpense": "1057000", "interestAndDebtExpense": "None", "netIncomeFromContinuingOperations": "None", "comprehensiveIncomeNetOfTax": "None", "ebit": "10373000", "ebitda": "12233000", "netIncome": "-31060000"}], "quarterlyReports": [{"fiscalDateEnding": "2025-12-31", "reportedCurrency": "USD", "grossProfit": "34824000", "totalRevenue": "162263000", "costOfRevenue": "127439000", "costofGoodsAndServicesSold": "127439000", "operatingIncome": "-13565000", "sellingGeneralAndAdministrative": "23184000", "researchAndDevelopment": "25205000", "operatingExpenses": "48389000", "investmentIncomeNet": "None", "netInterestIncome": "970000", "interestIncome": "1124000", "interestExpense": "154000", "nonInterestIncome": "None", "otherNonOperatingIncome": "None", "depreciation": "None", "depreciationAndAmortization": "14131000", "incomeBeforeTax": "-11803000", "incomeTaxExpense": "1490000", "interestAndDebtExpense": "None", "netIncomeFromContinuingOperations": "-13293000", "comprehensiveIncomeNetOfTax": "None", "ebit": "-11547000", "ebitda": "2584000", "netIncome": "-13293000"}, {"fiscalDateEnding": "2025-09-30", "reportedCurrency": "USD", "grossProfit": "42845000", "totalRevenue": "182501000", "costOfRevenue": "139656000", "costofGoodsAndServicesSold": "139656000", "operatingIncome": "-4584000", "sellingGeneralAndAdministrative": "23284000", "researchAndDevelopment": "24145000", "operatingExpenses": "47429000", "investmentIncomeNet": "None", "netInterestIncome": "532000", "interestIncome": "892000", "interestExpense": "360000", "nonInterestIncome": "None", "otherNonOperatingIncome": "None", "depreciation": "None", "depreciationAndAmortization": "14341000", "incomeBeforeTax": "-195000", "incomeTaxExpense": "1927000", "interestAndDebtExpense": "None", "netIncomeFromContinuingOperations": "-2122000", "comprehensiveIncomeNetOfTax": "None", "ebit": "-1224000", "ebitda": "13117000", "netIncome": "-2122000"}, {"fiscalDateEnding": "2025-06-30", "reportedCurrency": "USD", "grossProfit": "41290000", "totalRevenue": "176484000", "costOfRevenue": "135194000", "costofGoodsAndServicesSold": "135194000", "operatingIncome": "-11618000", "sellingGeneralAndAdministrative": "28487000", "researchAndDevelopment": "24421000", "operatingExpenses": "52908000", "investmentIncomeNet": "None", "netInterestIncome": "426000", "interestIncome": "956000", "interestExpense": "530000", "nonInterestIncome": "None", "otherNonOperatingIncome": "None", "depreciation": "None", "depreciationAndAmortization": "15447000", "incomeBeforeTax": "-88626000", "incomeTaxExpense": "-11567000", "interestAndDebtExpense": "None", "netIncomeFromContinuingOperations": "-77059000", "comprehensiveIncomeNetOfTax": "None", "ebit": "-12119000", "ebitda": "3328000", "netIncome": "-77059000"}, {"fiscalDateEnding": "2025-03-31", "reportedCurrency": "USD", "grossProfit": "35177000", "totalRevenue": "164635000", "costOfRevenue": "129458000", "costofGoodsAndServicesSold": "129458000", "operatingIncome": "-10658000", "sellingGeneralAndAdministrative": "22437000", "researchAndDevelopment": "23398000", "operatingExpenses": "45835000", "investmentIncomeNet": "None", "netInterestIncome": "331000", "interestIncome": "927000", "interestExpense": "596000", "nonInterestIncome": "None", "otherNonOperatingIncome": "None", "depreciation": "None", "depreciationAndAmortization": "18259000", "incomeBeforeTax": "-10147000", "incomeTaxExpense": "660000", "interestAndDebtExpense": "None", "netIncomeFromContinuingOperations": "-10807000", "comprehensiveIncomeNetOfTax": "None", "ebit": "-9291000", "ebitda": "8968000", "netIncome": "-10807000"}, {"fiscalDateEnding": "2024-12-31", "reportedCurrency": "USD", "grossProfit": "40011000", "totalRevenue": "173156000", "costOfRevenue": "133145000", "costofGoodsAndServicesSold": "133145000", "operatingIncome": "-5908000", "sellingGeneralAndAdministrative": "21951000", "researchAndDevelopment": "23968000", "operatingExpenses": "45919000", "investmentIncomeNet": "None", "netInterestIncome": "434000", "interestIncome": "1135000", "interestExpense": "701000", "nonInterestIncome": "None", "otherNonOperatingIncome": "None", "depreciation": "None", "depreciationAndAmortization": "14128000", "incomeBeforeTax": "-5372000", "incomeTaxExpense": "1242000", "interestAndDebtExpense": "None", "netIncomeFromContinuingOperations": "-6614000", "comprehensiveIncomeNetOfTax": "None", "ebit": "-4110000", "ebitda": "10018000", "netIncome": "-6614000"}, {"fiscalDateEnding": "2024-09-30", "reportedCurrency": "USD", "grossProfit": "44526000", "totalRevenue": "181887000", "costOfRevenue": "137361000", "costofGoodsAndServicesSold": "137361000", "operatingIncome": "-252000", "sellingGeneralAndAdministrative": "22300000", "researchAndDevelopment": "22478000", "operatingExpenses": "44778000", "investmentIncomeNet": "None", "netInterestIncome": "453000", "interestIncome": "None", "interestExpense": "812000", "nonInterestIncome": "None", "otherNonOperatingIncome": "None", "depreciation": "None", "depreciationAndAmortization": "14562000", "incomeBeforeTax": "-1456000", "incomeTaxExpense": "1040000", "interestAndDebtExpense": "None", "netIncomeFromContinuingOperations": "-2496000", "comprehensiveIncomeNetOfTax": "None", "ebit": "363000", "ebitda": "14925000", "netIncome": "-2496000"}, {"fiscalDateEnding": "2024-06-30", "reportedCurrency": "USD", "grossProfit": "41437000", "totalRevenue": "161296000", "costOfRevenue": "119859000", "costofGoodsAndServicesSold": "119859000", "operatingIncome": "-1499000", "sellingGeneralAndAdministrative": "21123000", "researchAndDevelopment": "21813000", "operatingExpenses": "42936000", "investmentIncomeNet": "None", "netInterestIncome": "412000", "interestIncome": "None", "interestExpense": "412000", "nonInterestIncome": "None", "otherNonOperatingIncome": "None", "depreciation": "None", "depreciationAndAmortization": "13908000", "incomeBeforeTax": "-1726000", "incomeTaxExpense": "1006000", "interestAndDebtExpense": "None", "netIncomeFromContinuingOperations": "-2732000", "comprehensiveIncomeNetOfTax": "None", "ebit": "-1499000", "ebitda": "12409000", "netIncome": "-2732000"}, {"fiscalDateEnding": "2024-03-31", "reportedCurrency": "USD", "grossProfit": "35555000", "totalRevenue": "150060000", "costOfRevenue": "114505000", "costofGoodsAndServicesSold": "114505000", "operatingIncome": "-10504000", "sellingGeneralAndAdministrative": "22964000", "researchAndDevelopment": "23095000", "operatingExpenses": "46059000", "investmentIncomeNet": "None", "netInterestIncome": "271000", "interestIncome": "1230000", "interestExpense": "959000", "nonInterestIncome": "None", "otherNonOperatingIncome": "None", "depreciation": "None", "depreciationAndAmortization": "13325000", "incomeBeforeTax": "-10601000", "incomeTaxExpense": "611000", "interestAndDebtExpense": "None", "netIncomeFromContinuingOperations": "-11212000", "comprehensiveIncomeNetOfTax": "None", "ebit": "-8966000", "ebitda": "4359000", "netIncome": "-11212000"}, {"fiscalDateEnding": "2023-12-31", "reportedCurrency": "USD", "grossProfit": "44001000", "totalRevenue": "165285000", "costOfRevenue": "121284000", "costofGoodsAndServicesSold": "121284000", "operatingIncome": "-1134000", "sellingGeneralAndAdministrative": "22216000", "researchAndDevelopment": "22919000", "operatingExpenses": "45135000", "investmentIncomeNet": "None", "netInterestIncome": "274000", "interestIncome": "274000", "interestExpense": "1049000", "nonInterestIncome": "None", "otherNonOperatingIncome": "None", "depreciation": "None", "depreciationAndAmortization": "13573000", "incomeBeforeTax": "-2029000", "incomeTaxExpense": "894000", "interestAndDebtExpense": "None", "netIncomeFromContinuingOperations": "-2923000", "comprehensiveIncomeNetOfTax": "None", "ebit": "-283000", "ebitda": "13290000", "netIncome": "-2923000"}, {"fiscalDateEnding": "2023-09-30", "reportedCurrency": "USD", "grossProfit": "50925000", "totalRevenue": "180633000", "costOfRevenue": "129708000", "costofGoodsAndServicesSold": "129708000", "operatingIncome": "9381000", "sellingGeneralAndAdministrative": "19431000", "researchAndDevelopment": "22113000", "operatingExpenses": "41544000", "investmentIncomeNet": "None", "netInterestIncome": "229000", "interestIncome": "None", "interestExpense": "229000", "nonInterestIncome": "None", "otherNonOperatingIncome": "None", "depreciation": "None", "depreciationAndAmortization": "12951000", "incomeBeforeTax": "6924000", "incomeTaxExpense": "1138000", "interestAndDebtExpense": "None", "netIncomeFromContinuingOperations": "5786000", "comprehensiveIncomeNetOfTax": "None", "ebit": "9636000", "ebitda": "22587000", "netIncome": "5786000"}, {"fiscalDateEnding": "2023-06-30", "reportedCurrency": "USD", "grossProfit": "44581000", "totalRevenue": "161525000", "costOfRevenue": "116944000", "costofGoodsAndServicesSold": "116944000", "operatingIncome": "2612000", "sellingGeneralAndAdministrative": "19258000", "researchAndDevelopment": "22711000", "operatingExpenses": "41969000", "investmentIncomeNet": "None", "netInterestIncome": "-87000", "interestIncome": "None", "interestExpense": "87000", "nonInterestIncome": "None", "otherNonOperatingIncome": "-1831000", "depreciation": "None", "depreciationAndAmortization": "12045000", "incomeBeforeTax": "-717000", "incomeTaxExpense": "387000", "interestAndDebtExpense": "None", "netIncomeFromContinuingOperations": "-1104000", "comprehensiveIncomeNetOfTax": "None", "ebit": "2314000", "ebitda": "14359000", "netIncome": "-1104000"}, {"fiscalDateEnding": "2023-03-31", "reportedCurrency": "USD", "grossProfit": "30786000", "totalRevenue": "132560000", "costOfRevenue": "101774000", "costofGoodsAndServicesSold": "101774000", "operatingIncome": "-14402000", "sellingGeneralAndAdministrative": "22610000", "researchAndDevelopment": "22578000", "operatingExpenses": "45188000", "investmentIncomeNet": "None", "netInterestIncome": "5000", "interestIncome": "None", "interestExpense": "5000", "nonInterestIncome": "None", "otherNonOperatingIncome": "-1993000", "depreciation": "None", "depreciationAndAmortization": "11006000", "incomeBeforeTax": "-16390000", "incomeTaxExpense": "2517000", "interestAndDebtExpense": "None", "netIncomeFromContinuingOperations": "-18907000", "comprehensiveIncomeNetOfTax": "None", "ebit": "-14402000", "ebitda": "-3396000", "netIncome": "-18907000"}, {"fiscalDateEnding": "2022-12-31", "reportedCurrency": "USD", "grossProfit": "53041000", "totalRevenue": "188760000", "costOfRevenue": "135719000", "costofGoodsAndServicesSold": "135719000", "operatingIncome": "8785000", "sellingGeneralAndAdministrative": "22788000", "researchAndDevelopment": "21468000", "operatingExpenses": "44256000", "investmentIncomeNet": "None", "netInterestIncome": "-397000", "interestIncome": "None", "interestExpense": "397000", "nonInterestIncome": "None", "otherNonOperatingIncome": "-392000", "depreciation": "None", "depreciationAndAmortization": "10804000", "incomeBeforeTax": "7996000", "incomeTaxExpense": "1659000", "interestAndDebtExpense": "None", "netIncomeFromContinuingOperations": "5826000", "comprehensiveIncomeNetOfTax": "None", "ebit": "7882000", "ebitda": "18686000", "netIncome": "6337000"}, {"fiscalDateEnding": "2022-09-30", "reportedCurrency": "USD", "grossProfit": "71128000", "totalRevenue": "208476000", "costOfRevenue": "137348000", "costofGoodsAndServicesSold": "137348000", "operatingIncome": "25534000", "sellingGeneralAndAdministrative": "24205000", "researchAndDevelopment": "21389000", "operatingExpenses": "45594000", "investmentIncomeNet": "None", "netInterestIncome": "-608000", "interestIncome": "None", "interestExpense": "608000", "nonInterestIncome": "None", "otherNonOperatingIncome": "2486000", "depreciation": "None", "depreciationAndAmortization": "9352000", "incomeBeforeTax": "27412000", "incomeTaxExpense": "1374000", "interestAndDebtExpense": "None", "netIncomeFromContinuingOperations": "23536000", "comprehensiveIncomeNetOfTax": "None", "ebit": "25518000", "ebitda": "34870000", "netIncome": "26038000"}, {"fiscalDateEnding": "2022-06-30", "reportedCurrency": "USD", "grossProfit": "63222000", "totalRevenue": "193959000", "costOfRevenue": "130737000", "costofGoodsAndServicesSold": "130737000", "operatingIncome": "18140000", "sellingGeneralAndAdministrative": "24696000", "researchAndDevelopment": "20386000", "operatingExpenses": "45082000", "investmentIncomeNet": "None", "netInterestIncome": "-895000", "interestIncome": "None", "interestExpense": "895000", "nonInterestIncome": "None", "otherNonOperatingIncome": "-494000", "depreciation": "None", "depreciationAndAmortization": "8588000", "incomeBeforeTax": "16031000", "incomeTaxExpense": "940000", "interestAndDebtExpense": "None", "netIncomeFromContinuingOperations": "15091000", "comprehensiveIncomeNetOfTax": "None", "ebit": "18419000", "ebitda": "27007000", "netIncome": "15091000"}, {"fiscalDateEnding": "2022-03-31", "reportedCurrency": "USD", "grossProfit": "72402000", "totalRevenue": "203239000", "costOfRevenue": "130837000", "costofGoodsAndServicesSold": "130837000", "operatingIncome": "31232000", "sellingGeneralAndAdministrative": "24625000", "researchAndDevelopment": "16545000", "operatingExpenses": "41170000", "investmentIncomeNet": "None", "netInterestIncome": "-308000", "interestIncome": "None", "interestExpense": "308000", "nonInterestIncome": "None", "otherNonOperatingIncome": "3365000", "depreciation": "None", "depreciationAndAmortization": "8603000", "incomeBeforeTax": "34552000", "incomeTaxExpense": "2902000", "interestAndDebtExpense": "None", "netIncomeFromContinuingOperations": "31650000", "comprehensiveIncomeNetOfTax": "None", "ebit": "31232000", "ebitda": "39835000", "netIncome": "31650000"}, {"fiscalDateEnding": "2021-12-31", "reportedCurrency": "USD", "grossProfit": "68365000", "totalRevenue": "193319000", "costOfRevenue": "124954000", "costofGoodsAndServicesSold": "124954000", "operatingIncome": "27717000", "sellingGeneralAndAdministrative": "24132000", "researchAndDevelopment": "16516000", "operatingExpenses": "40648000", "investmentIncomeNet": "None", "netInterestIncome": "-68000", "interestIncome": "None", "interestExpense": "541000", "nonInterestIncome": "None", "otherNonOperatingIncome": "391452000", "depreciation": "None", "depreciationAndAmortization": "11938000", "incomeBeforeTax": "419101000", "incomeTaxExpense": "34096000", "interestAndDebtExpense": "None", "netIncomeFromContinuingOperations": "385005000", "comprehensiveIncomeNetOfTax": "None", "ebit": "419642000", "ebitda": "431580000", "netIncome": "382998000"}, {"fiscalDateEnding": "2021-09-30", "reportedCurrency": "USD", "grossProfit": "64567000", "totalRevenue": "187035000", "costOfRevenue": "122468000", "costofGoodsAndServicesSold": "122468000", "operatingIncome": "24949000", "sellingGeneralAndAdministrative": "21806000", "researchAndDevelopment": "17812000", "operatingExpenses": "39618000", "investmentIncomeNet": "None", "netInterestIncome": "-2192000", "interestIncome": "None", "interestExpense": "2192000", "nonInterestIncome": "None", "otherNonOperatingIncome": "None", "depreciation": "None", "depreciationAndAmortization": "13722000", "incomeBeforeTax": "22757000", "incomeTaxExpense": "1320000", "interestAndDebtExpense": "None", "netIncomeFromContinuingOperations": "21437000", "comprehensiveIncomeNetOfTax": "None", "ebit": "24949000", "ebitda": "38671000", "netIncome": "23424000"}, {"fiscalDateEnding": "2021-06-30", "reportedCurrency": "USD", "grossProfit": "60580000", "totalRevenue": "177309000", "costOfRevenue": "116729000", "costofGoodsAndServicesSold": "116729000", "operatingIncome": "22363000", "sellingGeneralAndAdministrative": "17505000", "researchAndDevelopment": "17282000", "operatingExpenses": "38217000", "investmentIncomeNet": "None", "netInterestIncome": "-1107000", "interestIncome": "None", "interestExpense": "1107000", "nonInterestIncome": "None", "otherNonOperatingIncome": "-3852000", "depreciation": "None", "depreciationAndAmortization": "13251000", "incomeBeforeTax": "21256000", "incomeTaxExpense": "1241000", "interestAndDebtExpense": "None", "netIncomeFromContinuingOperations": "20015000", "comprehensiveIncomeNetOfTax": "None", "ebit": "22363000", "ebitda": "35614000", "netIncome": "19539000"}, {"fiscalDateEnding": "2021-03-31", "reportedCurrency": "USD", "grossProfit": "52691000", "totalRevenue": "169212000", "costOfRevenue": "116521000", "costofGoodsAndServicesSold": "116521000", "operatingIncome": "17796000", "sellingGeneralAndAdministrative": "19338000", "researchAndDevelopment": "15557000", "operatingExpenses": "34895000", "investmentIncomeNet": "None", "netInterestIncome": "-1815000", "interestIncome": "None", "interestExpense": "1815000", "nonInterestIncome": "None", "otherNonOperatingIncome": "None", "depreciation": "None", "depreciationAndAmortization": "13745000", "incomeBeforeTax": "15981000", "incomeTaxExpense": "1014000", "interestAndDebtExpense": "None", "netIncomeFromContinuingOperations": "14967000", "comprehensiveIncomeNetOfTax": "None", "ebit": "17796000", "ebitda": "31541000", "netIncome": "16100000"}, {"fiscalDateEnding": "2020-12-31", "reportedCurrency": "USD", "grossProfit": "48749000", "totalRevenue": "158830000", "costOfRevenue": "110081000", "costofGoodsAndServicesSold": "110081000", "operatingIncome": "13590000", "sellingGeneralAndAdministrative": "19736000", "researchAndDevelopment": "15423000", "operatingExpenses": "35159000", "investmentIncomeNet": "None", "netInterestIncome": "-381000", "interestIncome": "None", "interestExpense": "381000", "nonInterestIncome": "None", "otherNonOperatingIncome": "None", "depreciation": "None", "depreciationAndAmortization": "13200000", "incomeBeforeTax": "13209000", "incomeTaxExpense": "669000", "interestAndDebtExpense": "None", "netIncomeFromContinuingOperations": "12540000", "comprehensiveIncomeNetOfTax": "None", "ebit": "13590000", "ebitda": "26790000", "netIncome": "12903000"}, {"fiscalDateEnding": "2020-09-30", "reportedCurrency": "USD", "grossProfit": "42523000", "totalRevenue": "151551000", "costOfRevenue": "109028000", "costofGoodsAndServicesSold": "109028000", "operatingIncome": "10327000", "sellingGeneralAndAdministrative": "17505000", "researchAndDevelopment": "14691000", "operatingExpenses": "32196000", "investmentIncomeNet": "None", "netInterestIncome": "-549000", "interestIncome": "None", "interestExpense": "549000", "nonInterestIncome": "None", "otherNonOperatingIncome": "None", "depreciation": "None", "depreciationAndAmortization": "12489000", "incomeBeforeTax": "9778000", "incomeTaxExpense": "1011000", "interestAndDebtExpense": "None", "netIncomeFromContinuingOperations": "8767000", "comprehensiveIncomeNetOfTax": "None", "ebit": "10327000", "ebitda": "22816000", "netIncome": "9574000"}, {"fiscalDateEnding": "2020-06-30", "reportedCurrency": "USD", "grossProfit": "28934000", "totalRevenue": "122395000", "costOfRevenue": "93461000", "costofGoodsAndServicesSold": "93461000", "operatingIncome": "-1327000", "sellingGeneralAndAdministrative": "17093000", "researchAndDevelopment": "13168000", "operatingExpenses": "30261000", "investmentIncomeNet": "None", "netInterestIncome": "-228000", "interestIncome": "None", "interestExpense": "228000", "nonInterestIncome": "None", "otherNonOperatingIncome": "-2974000", "depreciation": "None", "depreciationAndAmortization": "11552000", "incomeBeforeTax": "-1555000", "incomeTaxExpense": "385000", "interestAndDebtExpense": "None", "netIncomeFromContinuingOperations": "-1940000", "comprehensiveIncomeNetOfTax": "None", "ebit": "-1327000", "ebitda": "10225000", "netIncome": "-105000"}, {"fiscalDateEnding": "2020-03-31", "reportedCurrency": "USD", "grossProfit": "22459000", "totalRevenue": "106852000", "costOfRevenue": "84393000", "costofGoodsAndServicesSold": "84393000", "operatingIncome": "-8619000", "sellingGeneralAndAdministrative": "16909000", "researchAndDevelopment": "13569000", "operatingExpenses": "31078000", "investmentIncomeNet": "None", "netInterestIncome": "-2282000", "interestIncome": "2282000", "interestExpense": "2282000", "nonInterestIncome": "None", "otherNonOperatingIncome": "None", "depreciation": "None", "depreciationAndAmortization": "11784000", "incomeBeforeTax": "-10901000", "incomeTaxExpense": "-1015000", "interestAndDebtExpense": "None", "netIncomeFromContinuingOperations": "-9886000", "comprehensiveIncomeNetOfTax": "None", "ebit": "-8619000", "ebitda": "3165000", "netIncome": "-6495000"}, {"fiscalDateEnding": "2019-12-31", "reportedCurrency": "USD", "grossProfit": "24406000", "totalRevenue": "117860000", "costOfRevenue": "93454000", "costofGoodsAndServicesSold": "93454000", "operatingIncome": "-3370000", "sellingGeneralAndAdministrative": "15629000", "researchAndDevelopment": "12147000", "operatingExpenses": "27776000", "investmentIncomeNet": "None", "netInterestIncome": "-635000", "interestIncome": "635000", "interestExpense": "635000", "nonInterestIncome": "None", "otherNonOperatingIncome": "None", "depreciation": "None", "depreciationAndAmortization": "10850000", "incomeBeforeTax": "-4005000", "incomeTaxExpense": "568000", "interestAndDebtExpense": "None", "netIncomeFromContinuingOperations": "-4605000", "comprehensiveIncomeNetOfTax": "None", "ebit": "-3370000", "ebitda": "7480000", "netIncome": "-1005000"}, {"fiscalDateEnding": "2019-09-30", "reportedCurrency": "USD", "grossProfit": "26932000", "totalRevenue": "117802000", "costOfRevenue": "90870000", "costofGoodsAndServicesSold": "90870000", "operatingIncome": "-621000", "sellingGeneralAndAdministrative": "15185000", "researchAndDevelopment": "12368000", "operatingExpenses": "27553000", "investmentIncomeNet": "None", "netInterestIncome": "171000", "interestIncome": "171000", "interestExpense": "402000", "nonInterestIncome": "None", "otherNonOperatingIncome": "-998000", "depreciation": "None", "depreciationAndAmortization": "10904000", "incomeBeforeTax": "-1448000", "incomeTaxExpense": "410000", "interestAndDebtExpense": "None", "netIncomeFromContinuingOperations": "-1858000", "comprehensiveIncomeNetOfTax": "None", "ebit": "-621000", "ebitda": "10283000", "netIncome": "1009000"}, {"fiscalDateEnding": "2019-06-30", "reportedCurrency": "USD", "grossProfit": "27636000", "totalRevenue": "111856000", "costOfRevenue": "84220000", "costofGoodsAndServicesSold": "84220000", "operatingIncome": "-958000", "sellingGeneralAndAdministrative": "17564000", "researchAndDevelopment": "11030000", "operatingExpenses": "28594000", "investmentIncomeNet": "None", "netInterestIncome": "-1907000", "interestIncome": "1907000", "interestExpense": "1990000", "nonInterestIncome": "None", "otherNonOperatingIncome": "83000", "depreciation": "None", "depreciationAndAmortization": "7879000", "incomeBeforeTax": "-2865000", "incomeTaxExpense": "-630000", "interestAndDebtExpense": "None", "netIncomeFromContinuingOperations": "277000", "comprehensiveIncomeNetOfTax": "None", "ebit": "-875000", "ebitda": "7004000", "netIncome": "2545000"}, {"fiscalDateEnding": "2019-03-31", "reportedCurrency": "USD", "grossProfit": "25629000", "totalRevenue": "109067000", "costOfRevenue": "83438000", "costofGoodsAndServicesSold": "83438000", "operatingIncome": "-3735000", "sellingGeneralAndAdministrative": "17947000", "researchAndDevelopment": "11417000", "operatingExpenses": "29364000", "investmentIncomeNet": "None", "netInterestIncome": "-1595000", "interestIncome": "1595000", "interestExpense": "1595000", "nonInterestIncome": "None", "otherNonOperatingIncome": "124000", "depreciation": "None", "depreciationAndAmortization": "8010000", "incomeBeforeTax": "-5330000", "incomeTaxExpense": "625000", "interestAndDebtExpense": "None", "netIncomeFromContinuingOperations": "-5955000", "comprehensiveIncomeNetOfTax": "None", "ebit": "-3735000", "ebitda": "4275000", "netIncome": "-1555000"}, {"fiscalDateEnding": "2018-12-31", "reportedCurrency": "USD", "grossProfit": "29502000", "totalRevenue": "114925000", "costOfRevenue": "85423000", "costofGoodsAndServicesSold": "85423000", "operatingIncome": "-3202000", "sellingGeneralAndAdministrative": "20104000", "researchAndDevelopment": "12600000", "operatingExpenses": "32704000", "investmentIncomeNet": "None", "netInterestIncome": "None", "interestIncome": "None", "interestExpense": "1632000", "nonInterestIncome": "None", "otherNonOperatingIncome": "74000", "depreciation": "None", "depreciationAndAmortization": "8279000", "incomeBeforeTax": "-4834000", "incomeTaxExpense": "701000", "interestAndDebtExpense": "None", "netIncomeFromContinuingOperations": "-5535000", "comprehensiveIncomeNetOfTax": "None", "ebit": "-3202000", "ebitda": "5077000", "netIncome": "-1545000"}, {"fiscalDateEnding": "2018-09-30", "reportedCurrency": "USD", "grossProfit": "32611000", "totalRevenue": "115072000", "costOfRevenue": "82461000", "costofGoodsAndServicesSold": "82461000", "operatingIncome": "875000", "sellingGeneralAndAdministrative": "20352000", "researchAndDevelopment": "11384000", "operatingExpenses": "31736000", "investmentIncomeNet": "None", "netInterestIncome": "None", "interestIncome": "None", "interestExpense": "1490000", "nonInterestIncome": "None", "otherNonOperatingIncome": "262000", "depreciation": "None", "depreciationAndAmortization": "7870000", "incomeBeforeTax": "-353000", "incomeTaxExpense": "560000", "interestAndDebtExpense": "None", "netIncomeFromContinuingOperations": "-913000", "comprehensiveIncomeNetOfTax": "None", "ebit": "875000", "ebitda": "8745000", "netIncome": "2416000"}, {"fiscalDateEnding": "2018-06-30", "reportedCurrency": "USD", "grossProfit": "29183000", "totalRevenue": "109897000", "costOfRevenue": "80714000", "costofGoodsAndServicesSold": "80714000", "operatingIncome": "-75000", "sellingGeneralAndAdministrative": "19307000", "researchAndDevelopment": "9951000", "operatingExpenses": "29258000", "investmentIncomeNet": "None", "netInterestIncome": "None", "interestIncome": "None", "interestExpense": "685000", "nonInterestIncome": "None", "otherNonOperatingIncome": "-1589000", "depreciation": "None", "depreciationAndAmortization": "7601000", "incomeBeforeTax": "-2349000", "incomeTaxExpense": "676000", "interestAndDebtExpense": "None", "netIncomeFromContinuingOperations": "-1673000", "comprehensiveIncomeNetOfTax": "None", "ebit": "-1664000", "ebitda": "5937000", "netIncome": "1021000"}, {"fiscalDateEnding": "2018-03-31", "reportedCurrency": "USD", "grossProfit": "27133000", "totalRevenue": "102902000", "costOfRevenue": "75769000", "costofGoodsAndServicesSold": "75769000", "operatingIncome": "681000", "sellingGeneralAndAdministrative": "16486000", "researchAndDevelopment": "9966000", "operatingExpenses": "26452000", "investmentIncomeNet": "None", "netInterestIncome": "None", "interestIncome": "None", "interestExpense": "105000", "nonInterestIncome": "None", "otherNonOperatingIncome": "-234000", "depreciation": "None", "depreciationAndAmortization": "7432000", "incomeBeforeTax": "342000", "incomeTaxExpense": "830000", "interestAndDebtExpense": "None", "netIncomeFromContinuingOperations": "1172000", "comprehensiveIncomeNetOfTax": "None", "ebit": "447000", "ebitda": "7879000", "netIncome": "1651000"}, {"fiscalDateEnding": "2017-12-31", "reportedCurrency": "USD", "grossProfit": "28082000", "totalRevenue": "103896000", "costOfRevenue": "75814000", "costofGoodsAndServicesSold": "75814000", "operatingIncome": "3224000", "sellingGeneralAndAdministrative": "15756000", "researchAndDevelopment": "9102000", "operatingExpenses": "24858000", "investmentIncomeNet": "None", "netInterestIncome": "None", "interestIncome": "None", "interestExpense": "14000", "nonInterestIncome": "None", "otherNonOperatingIncome": "-160000", "depreciation": "None", "depreciationAndAmortization": "7408000", "incomeBeforeTax": "3050000", "incomeTaxExpense": "-2072000", "interestAndDebtExpense": "None", "netIncomeFromContinuingOperations": "978000", "comprehensiveIncomeNetOfTax": "None", "ebit": "3224000", "ebitda": "10632000", "netIncome": "6791000"}, {"fiscalDateEnding": "2017-09-30", "reportedCurrency": "USD", "grossProfit": "27530000", "totalRevenue": "104858000", "costOfRevenue": "77328000", "costofGoodsAndServicesSold": "77328000", "operatingIncome": "4590000", "sellingGeneralAndAdministrative": "14615000", "researchAndDevelopment": "8325000", "operatingExpenses": "22940000", "investmentIncomeNet": "None", "netInterestIncome": "None", "interestIncome": "None", "interestExpense": "17000", "nonInterestIncome": "None", "otherNonOperatingIncome": "40000", "depreciation": "None", "depreciationAndAmortization": "6978000", "incomeBeforeTax": "4613000", "incomeTaxExpense": "1274000", "interestAndDebtExpense": "None", "netIncomeFromContinuingOperations": "5887000", "comprehensiveIncomeNetOfTax": "None", "ebit": "4590000", "ebitda": "11568000", "netIncome": "4800000"}, {"fiscalDateEnding": "2017-06-30", "reportedCurrency": "USD", "grossProfit": "25086000", "totalRevenue": "98007000", "costOfRevenue": "72921000", "costofGoodsAndServicesSold": "72921000", "operatingIncome": "3561000", "sellingGeneralAndAdministrative": "13618000", "researchAndDevelopment": "7907000", "operatingExpenses": "21525000", "investmentIncomeNet": "None", "netInterestIncome": "None", "interestIncome": "None", "interestExpense": "19000", "nonInterestIncome": "None", "otherNonOperatingIncome": "52000", "depreciation": "None", "depreciationAndAmortization": "7040000", "incomeBeforeTax": "3594000", "incomeTaxExpense": "807000", "interestAndDebtExpense": "None", "netIncomeFromContinuingOperations": "4401000", "comprehensiveIncomeNetOfTax": "None", "ebit": "3613000", "ebitda": "10653000", "netIncome": "4119000"}, {"fiscalDateEnding": "2017-03-31", "reportedCurrency": "USD", "grossProfit": "22697000", "totalRevenue": "93281000", "costOfRevenue": "70584000", "costofGoodsAndServicesSold": "70584000", "operatingIncome": "3005000", "sellingGeneralAndAdministrative": "12067000", "researchAndDevelopment": "7625000", "operatingExpenses": "19692000", "investmentIncomeNet": "None", "netInterestIncome": "None", "interestIncome": "None", "interestExpense": "22000", "nonInterestIncome": "None", "otherNonOperatingIncome": "-74000", "depreciation": "None", "depreciationAndAmortization": "6885000", "incomeBeforeTax": "2909000", "incomeTaxExpense": "523000", "interestAndDebtExpense": "None", "netIncomeFromContinuingOperations": "3432000", "comprehensiveIncomeNetOfTax": "None", "ebit": "2931000", "ebitda": "9816000", "netIncome": "3556000"}, {"fiscalDateEnding": "2016-12-31", "reportedCurrency": "USD", "grossProfit": "22094000", "totalRevenue": "94687000", "costOfRevenue": "72593000", "costofGoodsAndServicesSold": "72593000", "operatingIncome": "2836000", "sellingGeneralAndAdministrative": "11974000", "researchAndDevelopment": "7284000", "operatingExpenses": "19258000", "investmentIncomeNet": "None", "netInterestIncome": "None", "interestIncome": "None", "interestExpense": "24000", "nonInterestIncome": "None", "otherNonOperatingIncome": "-70000", "depreciation": "None", "depreciationAndAmortization": "6760000", "incomeBeforeTax": "2742000", "incomeTaxExpense": "1085000", "interestAndDebtExpense": "None", "netIncomeFromContinuingOperations": "3827000", "comprehensiveIncomeNetOfTax": "None", "ebit": "2836000", "ebitda": "9596000", "netIncome": "2847000"}, {"fiscalDateEnding": "2016-09-30", "reportedCurrency": "USD", "grossProfit": "21944000", "totalRevenue": "97362000", "costOfRevenue": "75418000", "costofGoodsAndServicesSold": "75418000", "operatingIncome": "3742000", "sellingGeneralAndAdministrative": "11183000", "researchAndDevelopment": "7019000", "operatingExpenses": "18202000", "investmentIncomeNet": "None", "netInterestIncome": "None", "interestIncome": "None", "interestExpense": "26000", "nonInterestIncome": "None", "otherNonOperatingIncome": "-49000", "depreciation": "None", "depreciationAndAmortization": "6503000", "incomeBeforeTax": "3667000", "incomeTaxExpense": "1237000", "interestAndDebtExpense": "None", "netIncomeFromContinuingOperations": "4904000", "comprehensiveIncomeNetOfTax": "None", "ebit": "3742000", "ebitda": "10245000", "netIncome": "3307000"}, {"fiscalDateEnding": "2016-06-30", "reportedCurrency": "USD", "grossProfit": "19470000", "totalRevenue": "91410000", "costOfRevenue": "71940000", "costofGoodsAndServicesSold": "71940000", "operatingIncome": "2554000", "sellingGeneralAndAdministrative": "9574000", "researchAndDevelopment": "6977000", "operatingExpenses": "16916000", "investmentIncomeNet": "None", "netInterestIncome": "None", "interestIncome": "None", "interestExpense": "1000", "nonInterestIncome": "None", "otherNonOperatingIncome": "-528000", "depreciation": "None", "depreciationAndAmortization": "6598000", "incomeBeforeTax": "2390000", "incomeTaxExpense": "573000", "interestAndDebtExpense": "None", "netIncomeFromContinuingOperations": "9859000", "comprehensiveIncomeNetOfTax": "None", "ebit": "2391000", "ebitda": "8989000", "netIncome": "1921000"}, {"fiscalDateEnding": "2016-03-31", "reportedCurrency": "USD", "grossProfit": "16319000", "totalRevenue": "82987000", "costOfRevenue": "66668000", "costofGoodsAndServicesSold": "66668000", "operatingIncome": "-49000", "sellingGeneralAndAdministrative": "9444000", "researchAndDevelopment": "6924000", "operatingExpenses": "16368000", "investmentIncomeNet": "None", "netInterestIncome": "None", "interestIncome": "None", "interestExpense": "5000", "nonInterestIncome": "None", "otherNonOperatingIncome": "10000", "depreciation": "None", "depreciationAndAmortization": "6927000", "incomeBeforeTax": "-44000", "incomeTaxExpense": "1219000", "interestAndDebtExpense": "None", "netIncomeFromContinuingOperations": "-1263000", "comprehensiveIncomeNetOfTax": "None", "ebit": "-171000", "ebitda": "6756000", "netIncome": "-1263000"}, {"fiscalDateEnding": "2015-12-31", "reportedCurrency": "USD", "grossProfit": "14972000", "totalRevenue": "79825000", "costOfRevenue": "64853000", "costofGoodsAndServicesSold": "64853000", "operatingIncome": "-598000", "sellingGeneralAndAdministrative": "9197000", "researchAndDevelopment": "5941000", "operatingExpenses": "15138000", "investmentIncomeNet": "None", "netInterestIncome": "None", "interestIncome": "None", "interestExpense": "7000", "nonInterestIncome": "None", "otherNonOperatingIncome": "9000", "depreciation": "None", "depreciationAndAmortization": "6883000", "incomeBeforeTax": "-596000", "incomeTaxExpense": "1015000", "interestAndDebtExpense": "None", "netIncomeFromContinuingOperations": "-1611000", "comprehensiveIncomeNetOfTax": "None", "ebit": "-589000", "ebitda": "6294000", "netIncome": "-1611000"}, {"fiscalDateEnding": "2015-09-30", "reportedCurrency": "USD", "grossProfit": "15061000", "totalRevenue": "81439000", "costOfRevenue": "66378000", "costofGoodsAndServicesSold": "66378000", "operatingIncome": "-762000", "sellingGeneralAndAdministrative": "9659000", "researchAndDevelopment": "6164000", "operatingExpenses": "15823000", "investmentIncomeNet": "None", "netInterestIncome": "None", "interestIncome": "None", "interestExpense": "10000", "nonInterestIncome": "None", "otherNonOperatingIncome": "11000", "depreciation": "None", "depreciationAndAmortization": "6895000", "incomeBeforeTax": "-761000", "incomeTaxExpense": "1214000", "interestAndDebtExpense": "None", "netIncomeFromContinuingOperations": "-1975000", "comprehensiveIncomeNetOfTax": "None", "ebit": "-600000", "ebitda": "6295000", "netIncome": "-1975000"}, {"fiscalDateEnding": "2015-06-30", "reportedCurrency": "USD", "grossProfit": "14316000", "totalRevenue": "81472000", "costOfRevenue": "67156000", "costofGoodsAndServicesSold": "67156000", "operatingIncome": "-1844000", "sellingGeneralAndAdministrative": "9240000", "researchAndDevelopment": "6920000", "operatingExpenses": "16160000", "investmentIncomeNet": "None", "netInterestIncome": "None", "interestIncome": "None", "interestExpense": "24000", "nonInterestIncome": "None", "otherNonOperatingIncome": "14000", "depreciation": "None", "depreciationAndAmortization": "6741000", "incomeBeforeTax": "-1854000", "incomeTaxExpense": "1243000", "interestAndDebtExpense": "None", "netIncomeFromContinuingOperations": "-3097000", "comprehensiveIncomeNetOfTax": "None", "ebit": "-8571000", "ebitda": "-1830000", "netIncome": "-3097000"}, {"fiscalDateEnding": "2015-03-31", "reportedCurrency": "USD", "grossProfit": "12764000", "totalRevenue": "76918000", "costOfRevenue": "64154000", "costofGoodsAndServicesSold": "64154000", "operatingIncome": "-3384000", "sellingGeneralAndAdministrative": "9219000", "researchAndDevelopment": "6929000", "operatingExpenses": "16148000", "investmentIncomeNet": "None", "netInterestIncome": "None", "interestIncome": "None", "interestExpense": "41000", "nonInterestIncome": "None", "otherNonOperatingIncome": "18000", "depreciation": "None", "depreciationAndAmortization": "6756000", "incomeBeforeTax": "-3407000", "incomeTaxExpense": "698000", "interestAndDebtExpense": "None", "netIncomeFromContinuingOperations": "-4105000", "comprehensiveIncomeNetOfTax": "None", "ebit": "-3384000", "ebitda": "3372000", "netIncome": "-4105000"}, {"fiscalDateEnding": "2014-12-31", "reportedCurrency": "USD", "grossProfit": "15242000", "totalRevenue": "81328000", "costOfRevenue": "66086000", "costofGoodsAndServicesSold": "66086000", "operatingIncome": "-323000", "sellingGeneralAndAdministrative": "9135000", "researchAndDevelopment": "6430000", "operatingExpenses": "15565000", "investmentIncomeNet": "None", "netInterestIncome": "None", "interestIncome": "None", "interestExpense": "43000", "nonInterestIncome": "None", "otherNonOperatingIncome": "26000", "depreciation": "None", "depreciationAndAmortization": "7004000", "incomeBeforeTax": "-340000", "incomeTaxExpense": "957000", "interestAndDebtExpense": "None", "netIncomeFromContinuingOperations": "-1297000", "comprehensiveIncomeNetOfTax": "None", "ebit": "-323000", "ebitda": "6681000", "netIncome": "-1297000"}, {"fiscalDateEnding": "2014-09-30", "reportedCurrency": "USD", "grossProfit": "18160000", "totalRevenue": "88217000", "costOfRevenue": "70057000", "costofGoodsAndServicesSold": "70057000", "operatingIncome": "1760000", "sellingGeneralAndAdministrative": "9604000", "researchAndDevelopment": "6796000", "operatingExpenses": "16400000", "investmentIncomeNet": "None", "netInterestIncome": "None", "interestIncome": "None", "interestExpense": "73000", "nonInterestIncome": "None", "otherNonOperatingIncome": "48000", "depreciation": "None", "depreciationAndAmortization": "7046000", "incomeBeforeTax": "1735000", "incomeTaxExpense": "1171000", "interestAndDebtExpense": "None", "netIncomeFromContinuingOperations": "564000", "comprehensiveIncomeNetOfTax": "None", "ebit": "1760000", "ebitda": "8806000", "netIncome": "564000"}, {"fiscalDateEnding": "2014-06-30", "reportedCurrency": "USD", "grossProfit": "15991000", "totalRevenue": "82330000", "costOfRevenue": "66339000", "costofGoodsAndServicesSold": "66339000", "operatingIncome": "28000", "sellingGeneralAndAdministrative": "9350000", "researchAndDevelopment": "6613000", "operatingExpenses": "15963000", "investmentIncomeNet": "None", "netInterestIncome": "None", "interestIncome": "None", "interestExpense": "56000", "nonInterestIncome": "None", "otherNonOperatingIncome": "34000", "depreciation": "None", "depreciationAndAmortization": "7016000", "incomeBeforeTax": "6000", "incomeTaxExpense": "487000", "interestAndDebtExpense": "None", "netIncomeFromContinuingOperations": "-481000", "comprehensiveIncomeNetOfTax": "None", "ebit": "62000", "ebitda": "7078000", "netIncome": "-481000"}, {"fiscalDateEnding": "2014-03-31", "reportedCurrency": "USD", "grossProfit": "12310000", "totalRevenue": "75405000", "costOfRevenue": "63095000", "costofGoodsAndServicesSold": "63095000", "operatingIncome": "-2923000", "sellingGeneralAndAdministrative": "9256000", "researchAndDevelopment": "5977000", "operatingExpenses": "15233000", "investmentIncomeNet": "None", "netInterestIncome": "None", "interestIncome": "None", "interestExpense": "62000", "nonInterestIncome": "None", "otherNonOperatingIncome": "52000", "depreciation": "None", "depreciationAndAmortization": "6912000", "incomeBeforeTax": "-2933000", "incomeTaxExpense": "361000", "interestAndDebtExpense": "None", "netIncomeFromContinuingOperations": "-3294000", "comprehensiveIncomeNetOfTax": "None", "ebit": "-2923000", "ebitda": "3989000", "netIncome": "-3294000"}, {"fiscalDateEnding": "2013-12-31", "reportedCurrency": "USD", "grossProfit": "13619000", "totalRevenue": "76265000", "costOfRevenue": "62646000", "costofGoodsAndServicesSold": "62646000", "operatingIncome": "1338000", "sellingGeneralAndAdministrative": "7309000", "researchAndDevelopment": "4972000", "operatingExpenses": "12281000", "investmentIncomeNet": "None", "netInterestIncome": "None", "interestIncome": "None", "interestExpense": "69000", "nonInterestIncome": "None", "otherNonOperatingIncome": "14000", "depreciation": "None", "depreciationAndAmortization": "6918000", "incomeBeforeTax": "1283000", "incomeTaxExpense": "1123000", "interestAndDebtExpense": "None", "netIncomeFromContinuingOperations": "160000", "comprehensiveIncomeNetOfTax": "None", "ebit": "1338000", "ebitda": "8256000", "netIncome": "160000"}, {"fiscalDateEnding": "2013-09-30", "reportedCurrency": "USD", "grossProfit": "17151000", "totalRevenue": "84121000", "costOfRevenue": "66970000", "costofGoodsAndServicesSold": "66970000", "operatingIncome": "1364000", "sellingGeneralAndAdministrative": "8940000", "researchAndDevelopment": "6847000", "operatingExpenses": "15787000", "investmentIncomeNet": "None", "netInterestIncome": "None", "interestIncome": "None", "interestExpense": "79000", "nonInterestIncome": "None", "otherNonOperatingIncome": "24000", "depreciation": "None", "depreciationAndAmortization": "7030000", "incomeBeforeTax": "1309000", "incomeTaxExpense": "1002000", "interestAndDebtExpense": "None", "netIncomeFromContinuingOperations": "307000", "comprehensiveIncomeNetOfTax": "None", "ebit": "1364000", "ebitda": "8394000", "netIncome": "307000"}, {"fiscalDateEnding": "2013-06-30", "reportedCurrency": "USD", "grossProfit": "13213000", "totalRevenue": "77212000", "costOfRevenue": "63999000", "costofGoodsAndServicesSold": "63999000", "operatingIncome": "-2882000", "sellingGeneralAndAdministrative": "8937000", "researchAndDevelopment": "7158000", "operatingExpenses": "16095000", "investmentIncomeNet": "None", "netInterestIncome": "None", "interestIncome": "None", "interestExpense": "90000", "nonInterestIncome": "None", "otherNonOperatingIncome": "17000", "depreciation": "None", "depreciationAndAmortization": "7059000", "incomeBeforeTax": "-2955000", "incomeTaxExpense": "1107000", "interestAndDebtExpense": "None", "netIncomeFromContinuingOperations": "-4062000", "comprehensiveIncomeNetOfTax": "None", "ebit": "-2865000", "ebitda": "4194000", "netIncome": "-4062000"}, {"fiscalDateEnding": "2013-03-31", "reportedCurrency": "USD", "grossProfit": "5245000", "totalRevenue": "75015000", "costOfRevenue": "69770000", "costofGoodsAndServicesSold": "69770000", "operatingIncome": "-13105000", "sellingGeneralAndAdministrative": "8917000", "researchAndDevelopment": "6876000", "operatingExpenses": "15793000", "investmentIncomeNet": "None", "netInterestIncome": "None", "interestIncome": "None", "interestExpense": "93000", "nonInterestIncome": "None", "otherNonOperatingIncome": "22000", "depreciation": "None", "depreciationAndAmortization": "7517000", "incomeBeforeTax": "-13176000", "incomeTaxExpense": "-3000", "interestAndDebtExpense": "None", "netIncomeFromContinuingOperations": "-13173000", "comprehensiveIncomeNetOfTax": "None", "ebit": "-13083000", "ebitda": "-5566000", "netIncome": "-13173000"}, {"fiscalDateEnding": "2012-12-31", "reportedCurrency": "USD", "grossProfit": "20594000", "totalRevenue": "89448000", "costOfRevenue": "68854000", "costofGoodsAndServicesSold": "68854000", "operatingIncome": "4890000", "sellingGeneralAndAdministrative": "8838000", "researchAndDevelopment": "6866000", "operatingExpenses": "15704000", "investmentIncomeNet": "None", "netInterestIncome": "None", "interestIncome": "None", "interestExpense": "107000", "nonInterestIncome": "None", "otherNonOperatingIncome": "20000", "depreciation": "None", "depreciationAndAmortization": "7461000", "incomeBeforeTax": "4803000", "incomeTaxExpense": "1085000", "interestAndDebtExpense": "None", "netIncomeFromContinuingOperations": "3718000", "comprehensiveIncomeNetOfTax": "None", "ebit": "4910000", "ebitda": "12371000", "netIncome": "3718000"}, {"fiscalDateEnding": "2012-09-30", "reportedCurrency": "USD", "grossProfit": "25533000", "totalRevenue": "95761000", "costOfRevenue": "70228000", "costofGoodsAndServicesSold": "70228000", "operatingIncome": "9819000", "sellingGeneralAndAdministrative": "8781000", "researchAndDevelopment": "6933000", "operatingExpenses": "15714000", "investmentIncomeNet": "None", "netInterestIncome": "None", "interestIncome": "None", "interestExpense": "82000", "nonInterestIncome": "None", "otherNonOperatingIncome": "17000", "depreciation": "None", "depreciationAndAmortization": "7323000", "incomeBeforeTax": "9754000", "incomeTaxExpense": "1812000", "interestAndDebtExpense": "None", "netIncomeFromContinuingOperations": "7942000", "comprehensiveIncomeNetOfTax": "None", "ebit": "9836000", "ebitda": "17159000", "netIncome": "7942000"}, {"fiscalDateEnding": "2012-06-30", "reportedCurrency": "USD", "grossProfit": "25021000", "totalRevenue": "94272000", "costOfRevenue": "69251000", "costofGoodsAndServicesSold": "69251000", "operatingIncome": "7747000", "sellingGeneralAndAdministrative": "9656000", "researchAndDevelopment": "7618000", "operatingExpenses": "17274000", "investmentIncomeNet": "None", "netInterestIncome": "None", "interestIncome": "None", "interestExpense": "136000", "nonInterestIncome": "None", "otherNonOperatingIncome": "20000", "depreciation": "None", "depreciationAndAmortization": "6937000", "incomeBeforeTax": "7631000", "incomeTaxExpense": "931000", "interestAndDebtExpense": "None", "netIncomeFromContinuingOperations": "6700000", "comprehensiveIncomeNetOfTax": "None", "ebit": "7767000", "ebitda": "14704000", "netIncome": "6700000"}, {"fiscalDateEnding": "2012-03-31", "reportedCurrency": "USD", "grossProfit": "19294000", "totalRevenue": "83858000", "costOfRevenue": "64564000", "costofGoodsAndServicesSold": "64564000", "operatingIncome": "3756000", "sellingGeneralAndAdministrative": "9028000", "researchAndDevelopment": "6510000", "operatingExpenses": "15538000", "investmentIncomeNet": "None", "netInterestIncome": "None", "interestIncome": "None", "interestExpense": "135000", "nonInterestIncome": "None", "otherNonOperatingIncome": "21000", "depreciation": "None", "depreciationAndAmortization": "6536000", "incomeBeforeTax": "3642000", "incomeTaxExpense": "1038000", "interestAndDebtExpense": "None", "netIncomeFromContinuingOperations": "2604000", "comprehensiveIncomeNetOfTax": "None", "ebit": "3777000", "ebitda": "10313000", "netIncome": "2604000"}, {"fiscalDateEnding": "2011-12-31", "reportedCurrency": "USD", "grossProfit": "18273000", "totalRevenue": "80713000", "costOfRevenue": "62440000", "costofGoodsAndServicesSold": "62440000", "operatingIncome": "2332000", "sellingGeneralAndAdministrative": "7833000", "researchAndDevelopment": "8108000", "operatingExpenses": "15941000", "investmentIncomeNet": "None", "netInterestIncome": "None", "interestIncome": "None", "interestExpense": "44000", "nonInterestIncome": "None", "otherNonOperatingIncome": "25000", "depreciation": "None", "depreciationAndAmortization": "5940000", "incomeBeforeTax": "2313000", "incomeTaxExpense": "839000", "interestAndDebtExpense": "None", "netIncomeFromContinuingOperations": "1474000", "comprehensiveIncomeNetOfTax": "None", "ebit": "2357000", "ebitda": "8297000", "netIncome": "1474000"}, {"fiscalDateEnding": "2011-09-30", "reportedCurrency": "USD", "grossProfit": "20577000", "totalRevenue": "83448000", "costOfRevenue": "62871000", "costofGoodsAndServicesSold": "62871000", "operatingIncome": "2900000", "sellingGeneralAndAdministrative": "9283000", "researchAndDevelopment": "8394000", "operatingExpenses": "17677000", "investmentIncomeNet": "None", "netInterestIncome": "None", "interestIncome": "None", "interestExpense": "27000", "nonInterestIncome": "None", "otherNonOperatingIncome": "39000", "depreciation": "None", "depreciationAndAmortization": "5850000", "incomeBeforeTax": "2912000", "incomeTaxExpense": "773000", "interestAndDebtExpense": "None", "netIncomeFromContinuingOperations": "2139000", "comprehensiveIncomeNetOfTax": "None", "ebit": "2939000", "ebitda": "8789000", "netIncome": "2139000"}, {"fiscalDateEnding": "2011-06-30", "reportedCurrency": "USD", "grossProfit": "28907000", "totalRevenue": "96835000", "costOfRevenue": "67928000", "costofGoodsAndServicesSold": "67928000", "operatingIncome": "9933000", "sellingGeneralAndAdministrative": "10045000", "researchAndDevelopment": "8929000", "operatingExpenses": "18974000", "investmentIncomeNet": "None", "netInterestIncome": "None", "interestIncome": "None", "interestExpense": "76000", "nonInterestIncome": "None", "otherNonOperatingIncome": "None", "depreciation": "None", "depreciationAndAmortization": "5335000", "incomeBeforeTax": "9619000", "incomeTaxExpense": "642000", "interestAndDebtExpense": "None", "netIncomeFromContinuingOperations": "0", "comprehensiveIncomeNetOfTax": "None", "ebit": "9695000", "ebitda": "15030000", "netIncome": "8977000"}, {"fiscalDateEnding": "2011-03-31", "reportedCurrency": "USD", "grossProfit": "28045000", "totalRevenue": "91074000", "costOfRevenue": "63029000", "costofGoodsAndServicesSold": "63029000", "operatingIncome": "10880000", "sellingGeneralAndAdministrative": "9556000", "researchAndDevelopment": "7609000", "operatingExpenses": "17165000", "investmentIncomeNet": "None", "netInterestIncome": "None", "interestIncome": "None", "interestExpense": "78000", "nonInterestIncome": "None", "otherNonOperatingIncome": "None", "depreciation": "None", "depreciationAndAmortization": "4914000", "incomeBeforeTax": "10862000", "incomeTaxExpense": "839000", "interestAndDebtExpense": "None", "netIncomeFromContinuingOperations": "0", "comprehensiveIncomeNetOfTax": "None", "ebit": "10940000", "ebitda": "15854000", "netIncome": "10023000"}, {"fiscalDateEnding": "2010-12-31", "reportedCurrency": "USD", "grossProfit": "24021000", "totalRevenue": "83982000", "costOfRevenue": "59961000", "costofGoodsAndServicesSold": "59961000", "operatingIncome": "8305000", "sellingGeneralAndAdministrative": "9078000", "researchAndDevelopment": "6638000", "operatingExpenses": "15716000", "investmentIncomeNet": "None", "netInterestIncome": "None", "interestIncome": "None", "interestExpense": "63000", "nonInterestIncome": "None", "otherNonOperatingIncome": "None", "depreciation": "None", "depreciationAndAmortization": "3557000", "incomeBeforeTax": "10454000", "incomeTaxExpense": "522000", "interestAndDebtExpense": "None", "netIncomeFromContinuingOperations": "0", "comprehensiveIncomeNetOfTax": "None", "ebit": "9321000", "ebitda": "12878000", "netIncome": "9932000"}, {"fiscalDateEnding": "2010-09-30", "reportedCurrency": "USD", "grossProfit": "24249000", "totalRevenue": "89417000", "costOfRevenue": "65168000", "costofGoodsAndServicesSold": "65168000", "operatingIncome": "8696000", "sellingGeneralAndAdministrative": "9258000", "researchAndDevelopment": "6295000", "operatingExpenses": "15553000", "investmentIncomeNet": "None", "netInterestIncome": "None", "interestIncome": "None", "interestExpense": "46000", "nonInterestIncome": "None", "otherNonOperatingIncome": "None", "depreciation": "None", "depreciationAndAmortization": "2872000", "incomeBeforeTax": "9501000", "incomeTaxExpense": "606000", "interestAndDebtExpense": "None", "netIncomeFromContinuingOperations": "0", "comprehensiveIncomeNetOfTax": "None", "ebit": "8724000", "ebitda": "11596000", "netIncome": "8895000"}, {"fiscalDateEnding": "2010-06-30", "reportedCurrency": "USD", "grossProfit": "22662000", "totalRevenue": "85469000", "costOfRevenue": "62807000", "costofGoodsAndServicesSold": "62807000", "operatingIncome": "8136000", "sellingGeneralAndAdministrative": "8581000", "researchAndDevelopment": "5945000", "operatingExpenses": "14526000", "investmentIncomeNet": "None", "netInterestIncome": "None", "interestIncome": "None", "interestExpense": "26000", "nonInterestIncome": "None", "otherNonOperatingIncome": "None", "depreciation": "None", "depreciationAndAmortization": "2398000", "incomeBeforeTax": "9499000", "incomeTaxExpense": "554000", "interestAndDebtExpense": "None", "netIncomeFromContinuingOperations": "0", "comprehensiveIncomeNetOfTax": "None", "ebit": "9525000", "ebitda": "11923000", "netIncome": "8945000"}, {"fiscalDateEnding": "2010-03-31", "reportedCurrency": "USD", "grossProfit": "20827000", "totalRevenue": "77672000", "costOfRevenue": "56845000", "costofGoodsAndServicesSold": "56845000", "operatingIncome": "9287000", "sellingGeneralAndAdministrative": "6093000", "researchAndDevelopment": "5447000", "operatingExpenses": "11540000", "investmentIncomeNet": "None", "netInterestIncome": "None", "interestIncome": "None", "interestExpense": "31000", "nonInterestIncome": "None", "otherNonOperatingIncome": "None", "depreciation": "None", "depreciationAndAmortization": "2280000", "incomeBeforeTax": "10082000", "incomeTaxExpense": "494000", "interestAndDebtExpense": "None", "netIncomeFromContinuingOperations": "0", "comprehensiveIncomeNetOfTax": "None", "ebit": "9298000", "ebitda": "11578000", "netIncome": "9588000"}, {"fiscalDateEnding": "2009-12-31", "reportedCurrency": "USD", "grossProfit": "18033000", "totalRevenue": "63982000", "costOfRevenue": "45949000", "costofGoodsAndServicesSold": "45949000", "operatingIncome": "6572000", "sellingGeneralAndAdministrative": "6140000", "researchAndDevelopment": "5321000", "operatingExpenses": "11461000", "investmentIncomeNet": "None", "netInterestIncome": "None", "interestIncome": "None", "interestExpense": "20000", "nonInterestIncome": "None", "otherNonOperatingIncome": "None", "depreciation": "None", "depreciationAndAmortization": "2207000", "incomeBeforeTax": "10105000", "incomeTaxExpense": "386000", "interestAndDebtExpense": "None", "netIncomeFromContinuingOperations": "0", "comprehensiveIncomeNetOfTax": "None", "ebit": "10125000", "ebitda": "12332000", "netIncome": "9719000"}, {"fiscalDateEnding": "2009-09-30", "reportedCurrency": "USD", "grossProfit": "18781000", "totalRevenue": "74717000", "costOfRevenue": "55936000", "costofGoodsAndServicesSold": "55936000", "operatingIncome": "9144000", "sellingGeneralAndAdministrative": "5365000", "researchAndDevelopment": "4272000", "operatingExpenses": "9637000", "investmentIncomeNet": "None", "netInterestIncome": "None", "interestIncome": "None", "interestExpense": "110000", "nonInterestIncome": "None", "otherNonOperatingIncome": "None", "depreciation": "None", "depreciationAndAmortization": "2126000", "incomeBeforeTax": "9599000", "incomeTaxExpense": "260000", "interestAndDebtExpense": "None", "netIncomeFromContinuingOperations": "0", "comprehensiveIncomeNetOfTax": "None", "ebit": "9156000", "ebitda": "11282000", "netIncome": "9339000"}, {"fiscalDateEnding": "2009-06-30", "reportedCurrency": "USD", "grossProfit": "43822000", "totalRevenue": "58879000", "costOfRevenue": "44697000", "costofGoodsAndServicesSold": "44697000", "operatingIncome": "3073000", "sellingGeneralAndAdministrative": "9467000", "researchAndDevelopment": "4757000", "operatingExpenses": "0", "investmentIncomeNet": "None", "netInterestIncome": "None", "interestIncome": "None", "interestExpense": "134000", "nonInterestIncome": "None", "otherNonOperatingIncome": "None", "depreciation": "None", "depreciationAndAmortization": "None", "incomeBeforeTax": "3568000", "incomeTaxExpense": "-250000", "interestAndDebtExpense": "None", "netIncomeFromContinuingOperations": "0", "comprehensiveIncomeNetOfTax": "None", "ebit": "0", "ebitda": "None", "netIncome": "3785000"}, {"fiscalDateEnding": "2009-03-31", "reportedCurrency": "USD", "grossProfit": "0", "totalRevenue": "27072000", "costOfRevenue": "22375000", "costofGoodsAndServicesSold": "22375000", "operatingIncome": "-773000", "sellingGeneralAndAdministrative": "7784000", "researchAndDevelopment": "3899000", "operatingExpenses": "0", "investmentIncomeNet": "None", "netInterestIncome": "None", "interestIncome": "None", "interestExpense": "135000", "nonInterestIncome": "None", "otherNonOperatingIncome": "None", "depreciation": "None", "depreciationAndAmortization": "None", "incomeBeforeTax": "0", "incomeTaxExpense": "250000", "interestAndDebtExpense": "None", "netIncomeFromContinuingOperations": "0", "comprehensiveIncomeNetOfTax": "None", "ebit": "0", "ebitda": "None", "netIncome": "0"}, {"fiscalDateEnding": "2008-12-31", "reportedCurrency": "USD", "grossProfit": "0", "totalRevenue": "35451000", "costOfRevenue": "74472000", "costofGoodsAndServicesSold": "74472000", "operatingIncome": "773000", "sellingGeneralAndAdministrative": "20961000", "researchAndDevelopment": "4954000", "operatingExpenses": "0", "investmentIncomeNet": "None", "netInterestIncome": "None", "interestIncome": "None", "interestExpense": "149000", "nonInterestIncome": "None", "otherNonOperatingIncome": "None", "depreciation": "None", "depreciationAndAmortization": "None", "incomeBeforeTax": "-3195000", "incomeTaxExpense": "-217000", "interestAndDebtExpense": "None", "netIncomeFromContinuingOperations": "0", "comprehensiveIncomeNetOfTax": "None", "ebit": "0", "ebitda": "None", "netIncome": "-2978000"}, {"fiscalDateEnding": "2008-09-30", "reportedCurrency": "USD", "grossProfit": "0", "totalRevenue": "63674000", "costOfRevenue": "0", "costofGoodsAndServicesSold": "0", "operatingIncome": "0", "sellingGeneralAndAdministrative": "0", "researchAndDevelopment": "5563000", "operatingExpenses": "0", "investmentIncomeNet": "None", "netInterestIncome": "None", "interestIncome": "None", "interestExpense": "169000", "nonInterestIncome": "None", "otherNonOperatingIncome": "None", "depreciation": "None", "depreciationAndAmortization": "None", "incomeBeforeTax": "3195000", "incomeTaxExpense": "217000", "interestAndDebtExpense": "None", "netIncomeFromContinuingOperations": "0", "comprehensiveIncomeNetOfTax": "None", "ebit": "0", "ebitda": "None", "netIncome": "2978000"}]}