{"symbol": "ARCB", "annualReports": [{"fiscalDateEnding": "2025-12-31", "reportedCurrency": "None", "grossProfit": "90308999", "totalRevenue": "4010158000", "costOfRevenue": "3919849000", "costofGoodsAndServicesSold": "3919849000", "operatingIncome": "90309000", "sellingGeneralAndAdministrative": "None", "researchAndDevelopment": "None", "operatingExpenses": "3919849000", "investmentIncomeNet": "None", "netInterestIncome": "None", "interestIncome": "None", "interestExpense": "12363000", "nonInterestIncome": "None", "otherNonOperatingIncome": "None", "depreciation": "None", "depreciationAndAmortization": "170335000", "incomeBeforeTax": "83095000", "incomeTaxExpense": "22997000", "interestAndDebtExpense": "None", "netIncomeFromContinuingOperations": "None", "comprehensiveIncomeNetOfTax": "None", "ebit": "95458000", "ebitda": "265793000", "netIncome": "60098000"}, {"fiscalDateEnding": "2024-12-31", "reportedCurrency": "USD", "grossProfit": "350000000", "totalRevenue": "4179019000", "costOfRevenue": "3829019000", "costofGoodsAndServicesSold": "3829019000", "operatingIncome": "244434000", "sellingGeneralAndAdministrative": "None", "researchAndDevelopment": "None", "operatingExpenses": "105566000", "investmentIncomeNet": "None", "netInterestIncome": "2638000", "interestIncome": "11618000", "interestExpense": "8980000", "nonInterestIncome": "None", "otherNonOperatingIncome": "None", "depreciation": "None", "depreciationAndAmortization": "149087000", "incomeBeforeTax": "218714000", "incomeTaxExpense": "45353000", "interestAndDebtExpense": "None", "netIncomeFromContinuingOperations": "173361000", "comprehensiveIncomeNetOfTax": "None", "ebit": "227694000", "ebitda": "376781000", "netIncome": "173961000"}, {"fiscalDateEnding": "2023-12-31", "reportedCurrency": "USD", "grossProfit": "4427443000", "totalRevenue": "4427443000", "costOfRevenue": "4416813000", "costofGoodsAndServicesSold": "4416813000", "operatingIncome": "172619000", "sellingGeneralAndAdministrative": "21711000", "researchAndDevelopment": "52400000", "operatingExpenses": "4254824000", "investmentIncomeNet": "None", "netInterestIncome": "4071000", "interestIncome": "12982000", "interestExpense": "8911000", "nonInterestIncome": "None", "otherNonOperatingIncome": "None", "depreciation": "None", "depreciationAndAmortization": "145729000", "incomeBeforeTax": "186915000", "incomeTaxExpense": "44751000", "interestAndDebtExpense": "None", "netIncomeFromContinuingOperations": "133420000", "comprehensiveIncomeNetOfTax": "None", "ebit": "172619000", "ebitda": "172619000", "netIncome": "142164000"}, {"fiscalDateEnding": "2022-12-31", "reportedCurrency": "USD", "grossProfit": "573524000", "totalRevenue": "5029008000", "costOfRevenue": "4455484000", "costofGoodsAndServicesSold": "4455484000", "operatingIncome": "394526000", "sellingGeneralAndAdministrative": "27207000", "researchAndDevelopment": "40800000", "operatingExpenses": "178998000", "investmentIncomeNet": "None", "netInterestIncome": "-3744000", "interestIncome": "3957000", "interestExpense": "7726000", "nonInterestIncome": "None", "otherNonOperatingIncome": "1587000", "depreciation": "None", "depreciationAndAmortization": "140039000", "incomeBeforeTax": "388303000", "incomeTaxExpense": "93655000", "interestAndDebtExpense": "None", "netIncomeFromContinuingOperations": "298209000", "comprehensiveIncomeNetOfTax": "None", "ebit": "396029000", "ebitda": "536068000", "netIncome": "298209000"}, {"fiscalDateEnding": "2021-12-31", "reportedCurrency": "USD", "grossProfit": "406329000", "totalRevenue": "3766185000", "costOfRevenue": "3359856000", "costofGoodsAndServicesSold": "3359856000", "operatingIncome": "276978000", "sellingGeneralAndAdministrative": "452242000", "researchAndDevelopment": "32800000", "operatingExpenses": "129351000", "investmentIncomeNet": "None", "netInterestIncome": "-7629000", "interestIncome": "1275000", "interestExpense": "8914000", "nonInterestIncome": "None", "otherNonOperatingIncome": "5072000", "depreciation": "None", "depreciationAndAmortization": "124221000", "incomeBeforeTax": "273087000", "incomeTaxExpense": "62628000", "interestAndDebtExpense": "None", "netIncomeFromContinuingOperations": "213521000", "comprehensiveIncomeNetOfTax": "None", "ebit": "282001000", "ebitda": "406222000", "netIncome": "213521000"}, {"fiscalDateEnding": "2020-12-31", "reportedCurrency": "USD", "grossProfit": "228128000", "totalRevenue": "2940163000", "costOfRevenue": "2712035000", "costofGoodsAndServicesSold": "2712035000", "operatingIncome": "98278000", "sellingGeneralAndAdministrative": "359725000", "researchAndDevelopment": "22458000", "operatingExpenses": "129850000", "investmentIncomeNet": "None", "netInterestIncome": "-8081000", "interestIncome": "3616000", "interestExpense": "11697000", "nonInterestIncome": "None", "otherNonOperatingIncome": "5915000", "depreciation": "None", "depreciationAndAmortization": "118391000", "incomeBeforeTax": "92496000", "incomeTaxExpense": "21396000", "interestAndDebtExpense": "None", "netIncomeFromContinuingOperations": "71100000", "comprehensiveIncomeNetOfTax": "None", "ebit": "104193000", "ebitda": "222584000", "netIncome": "71100000"}, {"fiscalDateEnding": "2019-12-31", "reportedCurrency": "USD", "grossProfit": "216430000", "totalRevenue": "2988310000", "costOfRevenue": "2771880000", "costofGoodsAndServicesSold": "2771880000", "operatingIncome": "63770000", "sellingGeneralAndAdministrative": "357864000", "researchAndDevelopment": "13739000", "operatingExpenses": "152660000", "investmentIncomeNet": "None", "netInterestIncome": "-5014000", "interestIncome": "6453000", "interestExpense": "11467000", "nonInterestIncome": "None", "otherNonOperatingIncome": "-832000", "depreciation": "None", "depreciationAndAmortization": "112466000", "incomeBeforeTax": "51471000", "incomeTaxExpense": "11486000", "interestAndDebtExpense": "None", "netIncomeFromContinuingOperations": "39985000", "comprehensiveIncomeNetOfTax": "None", "ebit": "62938000", "ebitda": "175404000", "netIncome": "39985000"}, {"fiscalDateEnding": "2018-12-31", "reportedCurrency": "USD", "grossProfit": "272673000", "totalRevenue": "3093788000", "costOfRevenue": "2821115000", "costofGoodsAndServicesSold": "2821115000", "operatingIncome": "109098000", "sellingGeneralAndAdministrative": "3810000", "researchAndDevelopment": "3810000", "operatingExpenses": "163575000", "investmentIncomeNet": "None", "netInterestIncome": "-5554000", "interestIncome": "3914000", "interestExpense": "9468000", "nonInterestIncome": "None", "otherNonOperatingIncome": "-15244000", "depreciation": "None", "depreciationAndAmortization": "108635000", "incomeBeforeTax": "84386000", "incomeTaxExpense": "17124000", "interestAndDebtExpense": "None", "netIncomeFromContinuingOperations": "67262000", "comprehensiveIncomeNetOfTax": "None", "ebit": "93854000", "ebitda": "202489000", "netIncome": "67262000"}, {"fiscalDateEnding": "2017-12-31", "reportedCurrency": "USD", "grossProfit": "188455000", "totalRevenue": "2826457000", "costOfRevenue": "2638002000", "costofGoodsAndServicesSold": "2638002000", "operatingIncome": "61348000", "sellingGeneralAndAdministrative": "2966000", "researchAndDevelopment": "2966000", "operatingExpenses": "127107000", "investmentIncomeNet": "None", "netInterestIncome": "-5049000", "interestIncome": "1293000", "interestExpense": "6342000", "nonInterestIncome": "None", "otherNonOperatingIncome": "4408000", "depreciation": "None", "depreciationAndAmortization": "103068000", "incomeBeforeTax": "51576000", "incomeTaxExpense": "-8150000", "interestAndDebtExpense": "None", "netIncomeFromContinuingOperations": "59726000", "comprehensiveIncomeNetOfTax": "None", "ebit": "57918000", "ebitda": "160986000", "netIncome": "59726000"}, {"fiscalDateEnding": "2016-12-31", "reportedCurrency": "USD", "grossProfit": "162768000", "totalRevenue": "2700219000", "costOfRevenue": "2537451000", "costofGoodsAndServicesSold": "2537451000", "operatingIncome": "34065000", "sellingGeneralAndAdministrative": "1698593000", "researchAndDevelopment": "0", "operatingExpenses": "128703000", "investmentIncomeNet": "None", "netInterestIncome": "-3627000", "interestIncome": "1523000", "interestExpense": "5150000", "nonInterestIncome": "None", "otherNonOperatingIncome": "4467000", "depreciation": "None", "depreciationAndAmortization": "103053000", "incomeBeforeTax": "28287000", "incomeTaxExpense": "9635000", "interestAndDebtExpense": "None", "netIncomeFromContinuingOperations": "18652000", "comprehensiveIncomeNetOfTax": "None", "ebit": "33437000", "ebitda": "136490000", "netIncome": "18652000"}, {"fiscalDateEnding": "2015-12-31", "reportedCurrency": "USD", "grossProfit": "194083000", "totalRevenue": "2666905000", "costOfRevenue": "2472822000", "costofGoodsAndServicesSold": "2472822000", "operatingIncome": "75496000", "sellingGeneralAndAdministrative": "1746531000", "researchAndDevelopment": "0", "operatingExpenses": "118587000", "investmentIncomeNet": "None", "netInterestIncome": "None", "interestIncome": "3116000", "interestExpense": "4400000", "nonInterestIncome": "None", "otherNonOperatingIncome": "1638000", "depreciation": "None", "depreciationAndAmortization": "93042000", "incomeBeforeTax": "72734000", "incomeTaxExpense": "27880000", "interestAndDebtExpense": "None", "netIncomeFromContinuingOperations": "44854000", "comprehensiveIncomeNetOfTax": "None", "ebit": "77134000", "ebitda": "170176000", "netIncome": "44854000"}, {"fiscalDateEnding": "2014-12-31", "reportedCurrency": "USD", "grossProfit": "187357000", "totalRevenue": "2612693000", "costOfRevenue": "2425336000", "costofGoodsAndServicesSold": "2425336000", "operatingIncome": "69239000", "sellingGeneralAndAdministrative": "24938000", "researchAndDevelopment": "0", "operatingExpenses": "118118000", "investmentIncomeNet": "None", "netInterestIncome": "None", "interestIncome": "None", "interestExpense": "3190000", "nonInterestIncome": "None", "otherNonOperatingIncome": "4563000", "depreciation": "None", "depreciationAndAmortization": "86222000", "incomeBeforeTax": "70612000", "incomeTaxExpense": "24435000", "interestAndDebtExpense": "None", "netIncomeFromContinuingOperations": "46177000", "comprehensiveIncomeNetOfTax": "None", "ebit": "73802000", "ebitda": "160024000", "netIncome": "46177000"}, {"fiscalDateEnding": "2013-12-31", "reportedCurrency": "USD", "grossProfit": "124484000", "totalRevenue": "2299549000", "costOfRevenue": "2175065000", "costofGoodsAndServicesSold": "2175065000", "operatingIncome": "19070000", "sellingGeneralAndAdministrative": "0", "researchAndDevelopment": "0", "operatingExpenses": "105414000", "investmentIncomeNet": "None", "netInterestIncome": "None", "interestIncome": "None", "interestExpense": "4183000", "nonInterestIncome": "None", "otherNonOperatingIncome": "4574000", "depreciation": "None", "depreciationAndAmortization": "88389000", "incomeBeforeTax": "19461000", "incomeTaxExpense": "3650000", "interestAndDebtExpense": "None", "netIncomeFromContinuingOperations": "15811000", "comprehensiveIncomeNetOfTax": "None", "ebit": "23644000", "ebitda": "112033000", "netIncome": "15811000"}, {"fiscalDateEnding": "2012-12-31", "reportedCurrency": "USD", "grossProfit": "84395000", "totalRevenue": "2065999000", "costOfRevenue": "1981604000", "costofGoodsAndServicesSold": "1981604000", "operatingIncome": "-14568000", "sellingGeneralAndAdministrative": "0", "researchAndDevelopment": "0", "operatingExpenses": "98963000", "investmentIncomeNet": "None", "netInterestIncome": "None", "interestIncome": "None", "interestExpense": "5273000", "nonInterestIncome": "None", "otherNonOperatingIncome": "2849000", "depreciation": "None", "depreciationAndAmortization": "87754000", "incomeBeforeTax": "-16992000", "incomeTaxExpense": "-9260000", "interestAndDebtExpense": "None", "netIncomeFromContinuingOperations": "-7732000", "comprehensiveIncomeNetOfTax": "None", "ebit": "-11719000", "ebitda": "76035000", "netIncome": "-7732000"}, {"fiscalDateEnding": "2011-12-31", "reportedCurrency": "USD", "grossProfit": "467148000", "totalRevenue": "1907609000", "costOfRevenue": "1440461000", "costofGoodsAndServicesSold": "1440461000", "operatingIncome": "9759000", "sellingGeneralAndAdministrative": "386579000", "researchAndDevelopment": "0", "operatingExpenses": "457389000", "investmentIncomeNet": "None", "netInterestIncome": "None", "interestIncome": "None", "interestExpense": "3953000", "nonInterestIncome": "None", "otherNonOperatingIncome": "3687000", "depreciation": "None", "depreciationAndAmortization": "73742000", "incomeBeforeTax": "9493000", "incomeTaxExpense": "3160000", "interestAndDebtExpense": "None", "netIncomeFromContinuingOperations": "6333000", "comprehensiveIncomeNetOfTax": "None", "ebit": "13446000", "ebitda": "87188000", "netIncome": "6333000"}, {"fiscalDateEnding": "2010-12-31", "reportedCurrency": "USD", "grossProfit": "257118000", "totalRevenue": "1657864000", "costOfRevenue": "1400746000", "costofGoodsAndServicesSold": "1400746000", "operatingIncome": "-54545000", "sellingGeneralAndAdministrative": "33433000", "researchAndDevelopment": "0", "operatingExpenses": "311663000", "investmentIncomeNet": "None", "netInterestIncome": "None", "interestIncome": "None", "interestExpense": "2852000", "nonInterestIncome": "None", "otherNonOperatingIncome": "3600000", "depreciation": "None", "depreciationAndAmortization": "71565000", "incomeBeforeTax": "-53797000", "incomeTaxExpense": "-21376000", "interestAndDebtExpense": "None", "netIncomeFromContinuingOperations": "-32421000", "comprehensiveIncomeNetOfTax": "None", "ebit": "-50945000", "ebitda": "20620000", "netIncome": "-32421000"}, {"fiscalDateEnding": "2009-12-31", "reportedCurrency": "USD", "grossProfit": "184532000", "totalRevenue": "1472901000", "costOfRevenue": "1288369000", "costofGoodsAndServicesSold": "1288369000", "operatingIncome": "-168706000", "sellingGeneralAndAdministrative": "34749000", "researchAndDevelopment": "None", "operatingExpenses": "353238000", "investmentIncomeNet": "None", "netInterestIncome": "None", "interestIncome": "None", "interestExpense": "2389000", "nonInterestIncome": "None", "otherNonOperatingIncome": "None", "depreciation": "None", "depreciationAndAmortization": "76504000", "incomeBeforeTax": "-165518000", "incomeTaxExpense": "-37996000", "interestAndDebtExpense": "None", "netIncomeFromContinuingOperations": "None", "comprehensiveIncomeNetOfTax": "None", "ebit": "-163129000", "ebitda": "-86625000", "netIncome": "-127889000"}, {"fiscalDateEnding": "2008-12-31", "reportedCurrency": "USD", "grossProfit": "325553000", "totalRevenue": "1833052000", "costOfRevenue": "1507499000", "costofGoodsAndServicesSold": "1507499000", "operatingIncome": "48524000", "sellingGeneralAndAdministrative": "36472000", "researchAndDevelopment": "None", "operatingExpenses": "277029000", "investmentIncomeNet": "None", "netInterestIncome": "None", "interestIncome": "None", "interestExpense": "1181000", "nonInterestIncome": "None", "otherNonOperatingIncome": "None", "depreciation": "None", "depreciationAndAmortization": "77165000", "incomeBeforeTax": "49910000", "incomeTaxExpense": "20742000", "interestAndDebtExpense": "None", "netIncomeFromContinuingOperations": "None", "comprehensiveIncomeNetOfTax": "None", "ebit": "51091000", "ebitda": "128256000", "netIncome": "29168000"}, {"fiscalDateEnding": "2007-12-31", "reportedCurrency": "USD", "grossProfit": "355847000", "totalRevenue": "1836878000", "costOfRevenue": "1481031000", "costofGoodsAndServicesSold": "1481031000", "operatingIncome": "84844000", "sellingGeneralAndAdministrative": "37564000", "researchAndDevelopment": "None", "operatingExpenses": "271003000", "investmentIncomeNet": "None", "netInterestIncome": "None", "interestIncome": "None", "interestExpense": "1189000", "nonInterestIncome": "None", "otherNonOperatingIncome": "None", "depreciation": "None", "depreciationAndAmortization": "77579000", "incomeBeforeTax": "90791000", "incomeTaxExpense": "33966000", "interestAndDebtExpense": "None", "netIncomeFromContinuingOperations": "None", "comprehensiveIncomeNetOfTax": "None", "ebit": "91980000", "ebitda": "169559000", "netIncome": "56825000"}, {"fiscalDateEnding": "2006-12-31", "reportedCurrency": "USD", "grossProfit": "1658060000", "totalRevenue": "1881500000", "costOfRevenue": "202417000", "costofGoodsAndServicesSold": "202417000", "operatingIncome": "124679000", "sellingGeneralAndAdministrative": "451767000", "researchAndDevelopment": "None", "operatingExpenses": "1554404000", "investmentIncomeNet": "None", "netInterestIncome": "None", "interestIncome": "None", "interestExpense": "0", "nonInterestIncome": "None", "otherNonOperatingIncome": "None", "depreciation": "None", "depreciationAndAmortization": "67727000", "incomeBeforeTax": "131519000", "incomeTaxExpense": "51018000", "interestAndDebtExpense": "None", "netIncomeFromContinuingOperations": "None", "comprehensiveIncomeNetOfTax": "None", "ebit": "124679000", "ebitda": "192406000", "netIncome": "84094000"}], "quarterlyReports": [{"fiscalDateEnding": "2025-12-31", "reportedCurrency": "None", "grossProfit": "-8256999", "totalRevenue": "972688000", "costOfRevenue": "980945000", "costofGoodsAndServicesSold": "980945000", "operatingIncome": "-8257000", "sellingGeneralAndAdministrative": "None", "researchAndDevelopment": "None", "operatingExpenses": "980945000", "investmentIncomeNet": "None", "netInterestIncome": "None", "interestIncome": "None", "interestExpense": "3318000", "nonInterestIncome": "None", "otherNonOperatingIncome": "None", "depreciation": "None", "depreciationAndAmortization": "54645000", "incomeBeforeTax": "-10555000", "incomeTaxExpense": "-2439000", "interestAndDebtExpense": "None", "netIncomeFromContinuingOperations": "None", "comprehensiveIncomeNetOfTax": "None", "ebit": "-7237000", "ebitda": "47408000", "netIncome": "-8116000"}, {"fiscalDateEnding": "2025-09-30", "reportedCurrency": "USD", "grossProfit": "86111999", "totalRevenue": "1048137000", "costOfRevenue": "962025000", "costofGoodsAndServicesSold": "962025000", "operatingIncome": "54627000", "sellingGeneralAndAdministrative": "None", "researchAndDevelopment": "None", "operatingExpenses": "31485000", "investmentIncomeNet": "None", "netInterestIncome": "-1966000", "interestIncome": "1368000", "interestExpense": "3334000", "nonInterestIncome": "None", "otherNonOperatingIncome": "None", "depreciation": "None", "depreciationAndAmortization": "34800000", "incomeBeforeTax": "53508000", "incomeTaxExpense": "14234000", "interestAndDebtExpense": "None", "netIncomeFromContinuingOperations": "39274000", "comprehensiveIncomeNetOfTax": "None", "ebit": "56842000", "ebitda": "91642000", "netIncome": "39274000"}, {"fiscalDateEnding": "2025-06-30", "reportedCurrency": "USD", "grossProfit": "84114000", "totalRevenue": "1022256000", "costOfRevenue": "938142000", "costofGoodsAndServicesSold": "938142000", "operatingIncome": "37309000", "sellingGeneralAndAdministrative": "None", "researchAndDevelopment": "None", "operatingExpenses": "46805000", "investmentIncomeNet": "None", "netInterestIncome": "-1919000", "interestIncome": "1037000", "interestExpense": "2956000", "nonInterestIncome": "None", "otherNonOperatingIncome": "None", "depreciation": "None", "depreciationAndAmortization": "40926000", "incomeBeforeTax": "35968000", "incomeTaxExpense": "10159000", "interestAndDebtExpense": "None", "netIncomeFromContinuingOperations": "25809000", "comprehensiveIncomeNetOfTax": "None", "ebit": "38924000", "ebitda": "79850000", "netIncome": "25809000"}, {"fiscalDateEnding": "2025-03-31", "reportedCurrency": "USD", "grossProfit": "55509000", "totalRevenue": "967077000", "costOfRevenue": "911568000", "costofGoodsAndServicesSold": "911568000", "operatingIncome": "6630000", "sellingGeneralAndAdministrative": "None", "researchAndDevelopment": "None", "operatingExpenses": "48879000", "investmentIncomeNet": "None", "netInterestIncome": "-1605000", "interestIncome": "1150000", "interestExpense": "2755000", "nonInterestIncome": "None", "otherNonOperatingIncome": "None", "depreciation": "None", "depreciationAndAmortization": "39964000", "incomeBeforeTax": "4174000", "incomeTaxExpense": "1043000", "interestAndDebtExpense": "None", "netIncomeFromContinuingOperations": "3131000", "comprehensiveIncomeNetOfTax": "None", "ebit": "6929000", "ebitda": "46893000", "netIncome": "3131000"}, {"fiscalDateEnding": "2024-12-31", "reportedCurrency": "USD", "grossProfit": "82754000", "totalRevenue": "1001645000", "costOfRevenue": "918891000", "costofGoodsAndServicesSold": "918891000", "operatingIncome": "38161000", "sellingGeneralAndAdministrative": "None", "researchAndDevelopment": "9698000", "operatingExpenses": "44593000", "investmentIncomeNet": "None", "netInterestIncome": "-461000", "interestIncome": "1932000", "interestExpense": "2393000", "nonInterestIncome": "None", "otherNonOperatingIncome": "None", "depreciation": "None", "depreciationAndAmortization": "39367000", "incomeBeforeTax": "37460000", "incomeTaxExpense": "8425000", "interestAndDebtExpense": "None", "netIncomeFromContinuingOperations": "29035000", "comprehensiveIncomeNetOfTax": "None", "ebit": "39853000", "ebitda": "79220000", "netIncome": "29035000"}, {"fiscalDateEnding": "2024-09-30", "reportedCurrency": "USD", "grossProfit": "92026000", "totalRevenue": "1063124000", "costOfRevenue": "971098000", "costofGoodsAndServicesSold": "971098000", "operatingIncome": "134993000", "sellingGeneralAndAdministrative": "None", "researchAndDevelopment": "None", "operatingExpenses": "-42967000", "investmentIncomeNet": "None", "netInterestIncome": "849000", "interestIncome": "3130000", "interestExpense": "2281000", "nonInterestIncome": "None", "otherNonOperatingIncome": "None", "depreciation": "None", "depreciationAndAmortization": "36611000", "incomeBeforeTax": "136704000", "incomeTaxExpense": "36390000", "interestAndDebtExpense": "None", "netIncomeFromContinuingOperations": "100314000", "comprehensiveIncomeNetOfTax": "None", "ebit": "138985000", "ebitda": "175596000", "netIncome": "100314000"}, {"fiscalDateEnding": "2024-06-30", "reportedCurrency": "USD", "grossProfit": "99998000", "totalRevenue": "1077831000", "costOfRevenue": "977833000", "costofGoodsAndServicesSold": "977833000", "operatingIncome": "48845000", "sellingGeneralAndAdministrative": "None", "researchAndDevelopment": "None", "operatingExpenses": "51153000", "investmentIncomeNet": "None", "netInterestIncome": "1163000", "interestIncome": "3241000", "interestExpense": "2078000", "nonInterestIncome": "None", "otherNonOperatingIncome": "None", "depreciation": "None", "depreciationAndAmortization": "36276000", "incomeBeforeTax": "49227000", "incomeTaxExpense": "2303000", "interestAndDebtExpense": "None", "netIncomeFromContinuingOperations": "46924000", "comprehensiveIncomeNetOfTax": "None", "ebit": "51305000", "ebitda": "87581000", "netIncome": "46924000"}, {"fiscalDateEnding": "2024-03-31", "reportedCurrency": "USD", "grossProfit": "75222000", "totalRevenue": "1036419000", "costOfRevenue": "961197000", "costofGoodsAndServicesSold": "961197000", "operatingIncome": "22435000", "sellingGeneralAndAdministrative": "None", "researchAndDevelopment": "9698000", "operatingExpenses": "52787000", "investmentIncomeNet": "None", "netInterestIncome": "1087000", "interestIncome": "3315000", "interestExpense": "2228000", "nonInterestIncome": "None", "otherNonOperatingIncome": "None", "depreciation": "None", "depreciationAndAmortization": "36833000", "incomeBeforeTax": "-4677000", "incomeTaxExpense": "-1765000", "interestAndDebtExpense": "None", "netIncomeFromContinuingOperations": "-2912000", "comprehensiveIncomeNetOfTax": "None", "ebit": "-2449000", "ebitda": "34384000", "netIncome": "-2312000"}, {"fiscalDateEnding": "2023-12-31", "reportedCurrency": "USD", "grossProfit": "115734000", "totalRevenue": "1089535000", "costOfRevenue": "973801000", "costofGoodsAndServicesSold": "973801000", "operatingIncome": "64253000", "sellingGeneralAndAdministrative": "128551000", "researchAndDevelopment": "30689000", "operatingExpenses": "51481000", "investmentIncomeNet": "None", "netInterestIncome": "1798000", "interestIncome": "4124000", "interestExpense": "2326000", "nonInterestIncome": "None", "otherNonOperatingIncome": "None", "depreciation": "None", "depreciationAndAmortization": "37387000", "incomeBeforeTax": "67806000", "incomeTaxExpense": "19016000", "interestAndDebtExpense": "None", "netIncomeFromContinuingOperations": "48790000", "comprehensiveIncomeNetOfTax": "None", "ebit": "70132000", "ebitda": "107519000", "netIncome": "48790000"}, {"fiscalDateEnding": "2023-09-30", "reportedCurrency": "USD", "grossProfit": "102051000", "totalRevenue": "1128350000", "costOfRevenue": "1026299000", "costofGoodsAndServicesSold": "1026299000", "operatingIncome": "45091000", "sellingGeneralAndAdministrative": "7300000", "researchAndDevelopment": "7300000", "operatingExpenses": "56960000", "investmentIncomeNet": "None", "netInterestIncome": "1710000", "interestIncome": "3946000", "interestExpense": "2236000", "nonInterestIncome": "None", "otherNonOperatingIncome": "None", "depreciation": "None", "depreciationAndAmortization": "37140000", "incomeBeforeTax": "46890000", "incomeTaxExpense": "11963000", "interestAndDebtExpense": "None", "netIncomeFromContinuingOperations": "34927000", "comprehensiveIncomeNetOfTax": "None", "ebit": "49126000", "ebitda": "86266000", "netIncome": "34917000"}, {"fiscalDateEnding": "2023-06-30", "reportedCurrency": "USD", "grossProfit": "79212000", "totalRevenue": "1103464000", "costOfRevenue": "1024252000", "costofGoodsAndServicesSold": "1024252000", "operatingIncome": "42116000", "sellingGeneralAndAdministrative": "8343000", "researchAndDevelopment": "8343000", "operatingExpenses": "37096000", "investmentIncomeNet": "None", "netInterestIncome": "1520000", "interestIncome": "3725000", "interestExpense": "2205000", "nonInterestIncome": "None", "otherNonOperatingIncome": "8763000", "depreciation": "None", "depreciationAndAmortization": "35812000", "incomeBeforeTax": "48674000", "incomeTaxExpense": "9074000", "interestAndDebtExpense": "None", "netIncomeFromContinuingOperations": "39600000", "comprehensiveIncomeNetOfTax": "None", "ebit": "50879000", "ebitda": "86691000", "netIncome": "40443000"}, {"fiscalDateEnding": "2023-03-31", "reportedCurrency": "USD", "grossProfit": "82322000", "totalRevenue": "1106094000", "costOfRevenue": "1023772000", "costofGoodsAndServicesSold": "1023772000", "operatingIncome": "21159000", "sellingGeneralAndAdministrative": "134619000", "researchAndDevelopment": "6068000", "operatingExpenses": "61163000", "investmentIncomeNet": "None", "netInterestIncome": "606000", "interestIncome": "2933000", "interestExpense": "2327000", "nonInterestIncome": "None", "otherNonOperatingIncome": "4713000", "depreciation": "None", "depreciationAndAmortization": "35390000", "incomeBeforeTax": "23545000", "incomeTaxExpense": "4698000", "interestAndDebtExpense": "None", "netIncomeFromContinuingOperations": "18847000", "comprehensiveIncomeNetOfTax": "None", "ebit": "25872000", "ebitda": "61262000", "netIncome": "71283000"}, {"fiscalDateEnding": "2022-12-31", "reportedCurrency": "USD", "grossProfit": "111632000", "totalRevenue": "1244218000", "costOfRevenue": "1132586000", "costofGoodsAndServicesSold": "1132586000", "operatingIncome": "51234000", "sellingGeneralAndAdministrative": "6225000", "researchAndDevelopment": "27207000", "operatingExpenses": "60398000", "investmentIncomeNet": "None", "netInterestIncome": "193000", "interestIncome": "2343000", "interestExpense": "2150000", "nonInterestIncome": "None", "otherNonOperatingIncome": "3795000", "depreciation": "None", "depreciationAndAmortization": "35179000", "incomeBeforeTax": "52879000", "incomeTaxExpense": "15542000", "interestAndDebtExpense": "None", "netIncomeFromContinuingOperations": "37337000", "comprehensiveIncomeNetOfTax": "None", "ebit": "55029000", "ebitda": "90208000", "netIncome": "37337000"}, {"fiscalDateEnding": "2022-09-30", "reportedCurrency": "USD", "grossProfit": "154882000", "totalRevenue": "1275730000", "costOfRevenue": "1120848000", "costofGoodsAndServicesSold": "1120848000", "operatingIncome": "115336000", "sellingGeneralAndAdministrative": "6068000", "researchAndDevelopment": "6068000", "operatingExpenses": "39546000", "investmentIncomeNet": "None", "netInterestIncome": "-602000", "interestIncome": "1147000", "interestExpense": "1755000", "nonInterestIncome": "None", "otherNonOperatingIncome": "958000", "depreciation": "None", "depreciationAndAmortization": "34707000", "incomeBeforeTax": "114519000", "incomeTaxExpense": "25906000", "interestAndDebtExpense": "None", "netIncomeFromContinuingOperations": "88842000", "comprehensiveIncomeNetOfTax": "None", "ebit": "116274000", "ebitda": "150981000", "netIncome": "88842000"}, {"fiscalDateEnding": "2022-06-30", "reportedCurrency": "USD", "grossProfit": "176190000", "totalRevenue": "1321692000", "costOfRevenue": "1145502000", "costofGoodsAndServicesSold": "1145502000", "operatingIncome": "136038000", "sellingGeneralAndAdministrative": "7954000", "researchAndDevelopment": "7954000", "operatingExpenses": "40152000", "investmentIncomeNet": "None", "netInterestIncome": "-1502000", "interestIncome": "361000", "interestExpense": "1863000", "nonInterestIncome": "None", "otherNonOperatingIncome": "-2446000", "depreciation": "None", "depreciationAndAmortization": "35330000", "incomeBeforeTax": "131721000", "incomeTaxExpense": "30179000", "interestAndDebtExpense": "None", "netIncomeFromContinuingOperations": "102461000", "comprehensiveIncomeNetOfTax": "None", "ebit": "133584000", "ebitda": "168914000", "netIncome": "102461000"}, {"fiscalDateEnding": "2022-03-31", "reportedCurrency": "USD", "grossProfit": "130582000", "totalRevenue": "1268091000", "costOfRevenue": "1137509000", "costofGoodsAndServicesSold": "1137509000", "operatingIncome": "92943000", "sellingGeneralAndAdministrative": "132465000", "researchAndDevelopment": "6960000", "operatingExpenses": "37639000", "investmentIncomeNet": "None", "netInterestIncome": "-1833000", "interestIncome": "106000", "interestExpense": "1940000", "nonInterestIncome": "None", "otherNonOperatingIncome": "-720000", "depreciation": "None", "depreciationAndAmortization": "34823000", "incomeBeforeTax": "90276000", "incomeTaxExpense": "22268000", "interestAndDebtExpense": "None", "netIncomeFromContinuingOperations": "69569000", "comprehensiveIncomeNetOfTax": "None", "ebit": "92216000", "ebitda": "127039000", "netIncome": "69569000"}, {"fiscalDateEnding": "2021-12-31", "reportedCurrency": "USD", "grossProfit": "127444000", "totalRevenue": "1185224000", "costOfRevenue": "1057780000", "costofGoodsAndServicesSold": "1057780000", "operatingIncome": "86935000", "sellingGeneralAndAdministrative": "6328000", "researchAndDevelopment": "27631000", "operatingExpenses": "40509000", "investmentIncomeNet": "None", "netInterestIncome": "-1892000", "interestIncome": "238000", "interestExpense": "2130000", "nonInterestIncome": "None", "otherNonOperatingIncome": "1394000", "depreciation": "None", "depreciationAndAmortization": "33226000", "incomeBeforeTax": "86199000", "incomeTaxExpense": "20711000", "interestAndDebtExpense": "None", "netIncomeFromContinuingOperations": "65488000", "comprehensiveIncomeNetOfTax": "None", "ebit": "88329000", "ebitda": "121555000", "netIncome": "65488000"}, {"fiscalDateEnding": "2021-09-30", "reportedCurrency": "USD", "grossProfit": "124372000", "totalRevenue": "1016657000", "costOfRevenue": "892285000", "costofGoodsAndServicesSold": "892285000", "operatingIncome": "87561000", "sellingGeneralAndAdministrative": "6903000", "researchAndDevelopment": "None", "operatingExpenses": "36811000", "investmentIncomeNet": "None", "netInterestIncome": "-1749000", "interestIncome": "323000", "interestExpense": "2072000", "nonInterestIncome": "None", "otherNonOperatingIncome": "661000", "depreciation": "None", "depreciationAndAmortization": "30359000", "incomeBeforeTax": "86150000", "incomeTaxExpense": "22459000", "interestAndDebtExpense": "None", "netIncomeFromContinuingOperations": "63691000", "comprehensiveIncomeNetOfTax": "None", "ebit": "88222000", "ebitda": "118581000", "netIncome": "63691000"}, {"fiscalDateEnding": "2021-06-30", "reportedCurrency": "USD", "grossProfit": "101765000", "totalRevenue": "948973000", "costOfRevenue": "847208000", "costofGoodsAndServicesSold": "847208000", "operatingIncome": "74299000", "sellingGeneralAndAdministrative": "7532000", "researchAndDevelopment": "7532000", "operatingExpenses": "27466000", "investmentIncomeNet": "None", "netInterestIncome": "-1952000", "interestIncome": "322000", "interestExpense": "2274000", "nonInterestIncome": "None", "otherNonOperatingIncome": "1433000", "depreciation": "None", "depreciationAndAmortization": "30282000", "incomeBeforeTax": "73458000", "incomeTaxExpense": "12477000", "interestAndDebtExpense": "None", "netIncomeFromContinuingOperations": "60981000", "comprehensiveIncomeNetOfTax": "None", "ebit": "75732000", "ebitda": "106014000", "netIncome": "60981000"}, {"fiscalDateEnding": "2021-03-31", "reportedCurrency": "USD", "grossProfit": "97269000", "totalRevenue": "829213000", "costOfRevenue": "731944000", "costofGoodsAndServicesSold": "731944000", "operatingIncome": "32191000", "sellingGeneralAndAdministrative": "95847000", "researchAndDevelopment": "6868000", "operatingExpenses": "65078000", "investmentIncomeNet": "None", "netInterestIncome": "-2036000", "interestIncome": "392000", "interestExpense": "2428000", "nonInterestIncome": "None", "otherNonOperatingIncome": "1584000", "depreciation": "None", "depreciationAndAmortization": "30354000", "incomeBeforeTax": "31347000", "incomeTaxExpense": "7986000", "interestAndDebtExpense": "None", "netIncomeFromContinuingOperations": "23361000", "comprehensiveIncomeNetOfTax": "None", "ebit": "33775000", "ebitda": "64129000", "netIncome": "23361000"}, {"fiscalDateEnding": "2020-12-31", "reportedCurrency": "USD", "grossProfit": "66023000", "totalRevenue": "816414000", "costOfRevenue": "750391000", "costofGoodsAndServicesSold": "750391000", "operatingIncome": "30252000", "sellingGeneralAndAdministrative": "6937000", "researchAndDevelopment": "6937000", "operatingExpenses": "35771000", "investmentIncomeNet": "None", "netInterestIncome": "-2018000", "interestIncome": "494000", "interestExpense": "2512000", "nonInterestIncome": "None", "otherNonOperatingIncome": "2459000", "depreciation": "None", "depreciationAndAmortization": "30260000", "incomeBeforeTax": "30199000", "incomeTaxExpense": "6285000", "interestAndDebtExpense": "None", "netIncomeFromContinuingOperations": "23914000", "comprehensiveIncomeNetOfTax": "None", "ebit": "32711000", "ebitda": "62971000", "netIncome": "23914000"}, {"fiscalDateEnding": "2020-09-30", "reportedCurrency": "USD", "grossProfit": "73154000", "totalRevenue": "794980000", "costOfRevenue": "721826000", "costofGoodsAndServicesSold": "721826000", "operatingIncome": "39782000", "sellingGeneralAndAdministrative": "6199000", "researchAndDevelopment": "6199000", "operatingExpenses": "33372000", "investmentIncomeNet": "None", "netInterestIncome": "-2104000", "interestIncome": "756000", "interestExpense": "2860000", "nonInterestIncome": "None", "otherNonOperatingIncome": "2256000", "depreciation": "None", "depreciationAndAmortization": "30032000", "incomeBeforeTax": "39178000", "incomeTaxExpense": "9774000", "interestAndDebtExpense": "None", "netIncomeFromContinuingOperations": "29404000", "comprehensiveIncomeNetOfTax": "None", "ebit": "42038000", "ebitda": "72070000", "netIncome": "29404000"}, {"fiscalDateEnding": "2020-06-30", "reportedCurrency": "USD", "grossProfit": "50312000", "totalRevenue": "627370000", "costOfRevenue": "577058000", "costofGoodsAndServicesSold": "577058000", "operatingIncome": "20425000", "sellingGeneralAndAdministrative": "4789000", "researchAndDevelopment": "4789000", "operatingExpenses": "29887000", "investmentIncomeNet": "None", "netInterestIncome": "-2387000", "interestIncome": "991000", "interestExpense": "3378000", "nonInterestIncome": "None", "otherNonOperatingIncome": "3687000", "depreciation": "None", "depreciationAndAmortization": "29086000", "incomeBeforeTax": "20734000", "incomeTaxExpense": "4854000", "interestAndDebtExpense": "None", "netIncomeFromContinuingOperations": "15880000", "comprehensiveIncomeNetOfTax": "None", "ebit": "24112000", "ebitda": "53198000", "netIncome": "15880000"}, {"fiscalDateEnding": "2020-03-31", "reportedCurrency": "USD", "grossProfit": "71171000", "totalRevenue": "701399000", "costOfRevenue": "630228000", "costofGoodsAndServicesSold": "630228000", "operatingIncome": "7819000", "sellingGeneralAndAdministrative": "83147000", "researchAndDevelopment": "4533000", "operatingExpenses": "63352000", "investmentIncomeNet": "None", "netInterestIncome": "-1572000", "interestIncome": "1375000", "interestExpense": "2947000", "nonInterestIncome": "None", "otherNonOperatingIncome": "-2487000", "depreciation": "None", "depreciationAndAmortization": "29013000", "incomeBeforeTax": "2385000", "incomeTaxExpense": "483000", "interestAndDebtExpense": "None", "netIncomeFromContinuingOperations": "1902000", "comprehensiveIncomeNetOfTax": "None", "ebit": "5332000", "ebitda": "34345000", "netIncome": "1902000"}, {"fiscalDateEnding": "2019-12-31", "reportedCurrency": "USD", "grossProfit": "44814000", "totalRevenue": "717418000", "costOfRevenue": "672604000", "costofGoodsAndServicesSold": "672604000", "operatingIncome": "-11229000", "sellingGeneralAndAdministrative": "4539000", "researchAndDevelopment": "4539000", "operatingExpenses": "56043000", "investmentIncomeNet": "None", "netInterestIncome": "-1283000", "interestIncome": "1591000", "interestExpense": "2874000", "nonInterestIncome": "None", "otherNonOperatingIncome": "2076000", "depreciation": "None", "depreciationAndAmortization": "29134000", "incomeBeforeTax": "-12027000", "incomeTaxExpense": "-6478000", "interestAndDebtExpense": "None", "netIncomeFromContinuingOperations": "-5549000", "comprehensiveIncomeNetOfTax": "None", "ebit": "-9153000", "ebitda": "19981000", "netIncome": "-5549000"}, {"fiscalDateEnding": "2019-09-30", "reportedCurrency": "USD", "grossProfit": "64167000", "totalRevenue": "787563000", "costOfRevenue": "723396000", "costofGoodsAndServicesSold": "723396000", "operatingIncome": "31208000", "sellingGeneralAndAdministrative": "146578000", "researchAndDevelopment": "4664000", "operatingExpenses": "32959000", "investmentIncomeNet": "None", "netInterestIncome": "-1132000", "interestIncome": "1768000", "interestExpense": "2900000", "nonInterestIncome": "None", "otherNonOperatingIncome": "-4966000", "depreciation": "None", "depreciationAndAmortization": "29361000", "incomeBeforeTax": "23342000", "incomeTaxExpense": "7072000", "interestAndDebtExpense": "None", "netIncomeFromContinuingOperations": "16270000", "comprehensiveIncomeNetOfTax": "None", "ebit": "26242000", "ebitda": "55603000", "netIncome": "16270000"}, {"fiscalDateEnding": "2019-06-30", "reportedCurrency": "USD", "grossProfit": "66187000", "totalRevenue": "771490000", "costOfRevenue": "705303000", "costofGoodsAndServicesSold": "705303000", "operatingIncome": "35200000", "sellingGeneralAndAdministrative": "141977000", "researchAndDevelopment": "2735000", "operatingExpenses": "30987000", "investmentIncomeNet": "None", "netInterestIncome": "-1195000", "interestIncome": "1616000", "interestExpense": "2811000", "nonInterestIncome": "None", "otherNonOperatingIncome": "1171000", "depreciation": "None", "depreciationAndAmortization": "27434000", "incomeBeforeTax": "33560000", "incomeTaxExpense": "9184000", "interestAndDebtExpense": "None", "netIncomeFromContinuingOperations": "24376000", "comprehensiveIncomeNetOfTax": "None", "ebit": "36371000", "ebitda": "63805000", "netIncome": "24376000"}, {"fiscalDateEnding": "2019-03-31", "reportedCurrency": "USD", "grossProfit": "41273000", "totalRevenue": "711839000", "costOfRevenue": "670566000", "costofGoodsAndServicesSold": "670566000", "operatingIncome": "8591000", "sellingGeneralAndAdministrative": "1802000", "researchAndDevelopment": "1802000", "operatingExpenses": "32682000", "investmentIncomeNet": "None", "netInterestIncome": "-1404000", "interestIncome": "1404000", "interestExpense": "2882000", "nonInterestIncome": "None", "otherNonOperatingIncome": "887000", "depreciation": "None", "depreciationAndAmortization": "26537000", "incomeBeforeTax": "6596000", "incomeTaxExpense": "1708000", "interestAndDebtExpense": "None", "netIncomeFromContinuingOperations": "4888000", "comprehensiveIncomeNetOfTax": "None", "ebit": "9478000", "ebitda": "36015000", "netIncome": "4888000"}, {"fiscalDateEnding": "2018-12-31", "reportedCurrency": "USD", "grossProfit": "70937000", "totalRevenue": "774279000", "costOfRevenue": "703342000", "costofGoodsAndServicesSold": "703342000", "operatingIncome": "37162000", "sellingGeneralAndAdministrative": "863000", "researchAndDevelopment": "863000", "operatingExpenses": "33775000", "investmentIncomeNet": "None", "netInterestIncome": "None", "interestIncome": "None", "interestExpense": "2926000", "nonInterestIncome": "None", "otherNonOperatingIncome": "-13566000", "depreciation": "None", "depreciationAndAmortization": "26936000", "incomeBeforeTax": "20670000", "incomeTaxExpense": "5371000", "interestAndDebtExpense": "None", "netIncomeFromContinuingOperations": "15299000", "comprehensiveIncomeNetOfTax": "None", "ebit": "23596000", "ebitda": "50532000", "netIncome": "15299000"}, {"fiscalDateEnding": "2018-09-30", "reportedCurrency": "USD", "grossProfit": "87554000", "totalRevenue": "826158000", "costOfRevenue": "738604000", "costofGoodsAndServicesSold": "738604000", "operatingIncome": "56055000", "sellingGeneralAndAdministrative": "144087000", "researchAndDevelopment": "1080000", "operatingExpenses": "31499000", "investmentIncomeNet": "None", "netInterestIncome": "None", "interestIncome": "None", "interestExpense": "2470000", "nonInterestIncome": "None", "otherNonOperatingIncome": "406000", "depreciation": "None", "depreciationAndAmortization": "28026000", "incomeBeforeTax": "53991000", "incomeTaxExpense": "13215000", "interestAndDebtExpense": "None", "netIncomeFromContinuingOperations": "40776000", "comprehensiveIncomeNetOfTax": "None", "ebit": "56461000", "ebitda": "84487000", "netIncome": "40776000"}, {"fiscalDateEnding": "2018-06-30", "reportedCurrency": "USD", "grossProfit": "71826000", "totalRevenue": "793350000", "costOfRevenue": "721524000", "costofGoodsAndServicesSold": "721524000", "operatingIncome": "3156000", "sellingGeneralAndAdministrative": "138238000", "researchAndDevelopment": "0", "operatingExpenses": "68670000", "investmentIncomeNet": "None", "netInterestIncome": "None", "interestIncome": "None", "interestExpense": "2013000", "nonInterestIncome": "None", "otherNonOperatingIncome": "-409000", "depreciation": "None", "depreciationAndAmortization": "27187000", "incomeBeforeTax": "734000", "incomeTaxExpense": "-499000", "interestAndDebtExpense": "None", "netIncomeFromContinuingOperations": "1233000", "comprehensiveIncomeNetOfTax": "None", "ebit": "2747000", "ebitda": "29934000", "netIncome": "1233000"}, {"fiscalDateEnding": "2018-03-31", "reportedCurrency": "USD", "grossProfit": "42356000", "totalRevenue": "700001000", "costOfRevenue": "657645000", "costofGoodsAndServicesSold": "657645000", "operatingIncome": "12725000", "sellingGeneralAndAdministrative": "7979000", "researchAndDevelopment": "0", "operatingExpenses": "29631000", "investmentIncomeNet": "None", "netInterestIncome": "None", "interestIncome": "None", "interestExpense": "2059000", "nonInterestIncome": "None", "otherNonOperatingIncome": "-1675000", "depreciation": "None", "depreciationAndAmortization": "26486000", "incomeBeforeTax": "8991000", "incomeTaxExpense": "-963000", "interestAndDebtExpense": "None", "netIncomeFromContinuingOperations": "9954000", "comprehensiveIncomeNetOfTax": "None", "ebit": "11050000", "ebitda": "37536000", "netIncome": "9954000"}, {"fiscalDateEnding": "2017-12-31", "reportedCurrency": "USD", "grossProfit": "49680000", "totalRevenue": "710721000", "costOfRevenue": "661041000", "costofGoodsAndServicesSold": "661041000", "operatingIncome": "16680000", "sellingGeneralAndAdministrative": "30761000", "researchAndDevelopment": "0", "operatingExpenses": "33000000", "investmentIncomeNet": "None", "netInterestIncome": "None", "interestIncome": "None", "interestExpense": "1932000", "nonInterestIncome": "None", "otherNonOperatingIncome": "1272000", "depreciation": "None", "depreciationAndAmortization": "26247000", "incomeBeforeTax": "16020000", "incomeTaxExpense": "-20548000", "interestAndDebtExpense": "None", "netIncomeFromContinuingOperations": "36568000", "comprehensiveIncomeNetOfTax": "None", "ebit": "17952000", "ebitda": "44199000", "netIncome": "36568000"}, {"fiscalDateEnding": "2017-09-30", "reportedCurrency": "USD", "grossProfit": "58427000", "totalRevenue": "744280000", "costOfRevenue": "685853000", "costofGoodsAndServicesSold": "685853000", "operatingIncome": "26742000", "sellingGeneralAndAdministrative": "0", "researchAndDevelopment": "0", "operatingExpenses": "31685000", "investmentIncomeNet": "None", "netInterestIncome": "None", "interestIncome": "None", "interestExpense": "1706000", "nonInterestIncome": "None", "otherNonOperatingIncome": "1425000", "depreciation": "None", "depreciationAndAmortization": "26218000", "incomeBeforeTax": "24068000", "incomeTaxExpense": "9280000", "interestAndDebtExpense": "None", "netIncomeFromContinuingOperations": "14788000", "comprehensiveIncomeNetOfTax": "None", "ebit": "25774000", "ebitda": "51992000", "netIncome": "14788000"}, {"fiscalDateEnding": "2017-06-30", "reportedCurrency": "USD", "grossProfit": "61271000", "totalRevenue": "720368000", "costOfRevenue": "659097000", "costofGoodsAndServicesSold": "659097000", "operatingIncome": "25767000", "sellingGeneralAndAdministrative": "0", "researchAndDevelopment": "0", "operatingExpenses": "35504000", "investmentIncomeNet": "None", "netInterestIncome": "None", "interestIncome": "None", "interestExpense": "1389000", "nonInterestIncome": "None", "otherNonOperatingIncome": "790000", "depreciation": "None", "depreciationAndAmortization": "25209000", "incomeBeforeTax": "24135000", "incomeTaxExpense": "8358000", "interestAndDebtExpense": "None", "netIncomeFromContinuingOperations": "15777000", "comprehensiveIncomeNetOfTax": "None", "ebit": "25524000", "ebitda": "50733000", "netIncome": "15777000"}, {"fiscalDateEnding": "2017-03-31", "reportedCurrency": "USD", "grossProfit": "20571000", "totalRevenue": "651088000", "costOfRevenue": "630517000", "costofGoodsAndServicesSold": "630517000", "operatingIncome": "-9900000", "sellingGeneralAndAdministrative": "0", "researchAndDevelopment": "0", "operatingExpenses": "30471000", "investmentIncomeNet": "None", "netInterestIncome": "None", "interestIncome": "None", "interestExpense": "1315000", "nonInterestIncome": "None", "otherNonOperatingIncome": "921000", "depreciation": "None", "depreciationAndAmortization": "25394000", "incomeBeforeTax": "-12647000", "incomeTaxExpense": "-5240000", "interestAndDebtExpense": "None", "netIncomeFromContinuingOperations": "-7407000", "comprehensiveIncomeNetOfTax": "None", "ebit": "-11332000", "ebitda": "14062000", "netIncome": "-7407000"}, {"fiscalDateEnding": "2016-12-31", "reportedCurrency": "USD", "grossProfit": "37493000", "totalRevenue": "688214000", "costOfRevenue": "650721000", "costofGoodsAndServicesSold": "650721000", "operatingIncome": "1211000", "sellingGeneralAndAdministrative": "29178000", "researchAndDevelopment": "0", "operatingExpenses": "36282000", "investmentIncomeNet": "None", "netInterestIncome": "None", "interestIncome": "None", "interestExpense": "1376000", "nonInterestIncome": "None", "otherNonOperatingIncome": "1261000", "depreciation": "None", "depreciationAndAmortization": "26361000", "incomeBeforeTax": "1096000", "incomeTaxExpense": "-488000", "interestAndDebtExpense": "None", "netIncomeFromContinuingOperations": "1584000", "comprehensiveIncomeNetOfTax": "None", "ebit": "2472000", "ebitda": "28833000", "netIncome": "1584000"}, {"fiscalDateEnding": "2016-09-30", "reportedCurrency": "USD", "grossProfit": "54868000", "totalRevenue": "713923000", "costOfRevenue": "659055000", "costofGoodsAndServicesSold": "659055000", "operatingIncome": "20370000", "sellingGeneralAndAdministrative": "0", "researchAndDevelopment": "0", "operatingExpenses": "34498000", "investmentIncomeNet": "None", "netInterestIncome": "None", "interestIncome": "None", "interestExpense": "1296000", "nonInterestIncome": "None", "otherNonOperatingIncome": "1481000", "depreciation": "None", "depreciationAndAmortization": "25793000", "incomeBeforeTax": "20555000", "incomeTaxExpense": "7615000", "interestAndDebtExpense": "None", "netIncomeFromContinuingOperations": "12940000", "comprehensiveIncomeNetOfTax": "None", "ebit": "21851000", "ebitda": "47644000", "netIncome": "12940000"}, {"fiscalDateEnding": "2016-06-30", "reportedCurrency": "USD", "grossProfit": "43900000", "totalRevenue": "676627000", "costOfRevenue": "632727000", "costofGoodsAndServicesSold": "632727000", "operatingIncome": "16654000", "sellingGeneralAndAdministrative": "0", "researchAndDevelopment": "0", "operatingExpenses": "27246000", "investmentIncomeNet": "None", "netInterestIncome": "None", "interestIncome": "None", "interestExpense": "1231000", "nonInterestIncome": "None", "otherNonOperatingIncome": "958000", "depreciation": "None", "depreciationAndAmortization": "25748000", "incomeBeforeTax": "16381000", "incomeTaxExpense": "6150000", "interestAndDebtExpense": "None", "netIncomeFromContinuingOperations": "10231000", "comprehensiveIncomeNetOfTax": "None", "ebit": "17612000", "ebitda": "43360000", "netIncome": "10231000"}, {"fiscalDateEnding": "2016-03-31", "reportedCurrency": "USD", "grossProfit": "17333000", "totalRevenue": "621455000", "costOfRevenue": "604122000", "costofGoodsAndServicesSold": "604122000", "operatingIncome": "-9265000", "sellingGeneralAndAdministrative": "0", "researchAndDevelopment": "0", "operatingExpenses": "26598000", "investmentIncomeNet": "None", "netInterestIncome": "None", "interestIncome": "None", "interestExpense": "1247000", "nonInterestIncome": "None", "otherNonOperatingIncome": "767000", "depreciation": "None", "depreciationAndAmortization": "25151000", "incomeBeforeTax": "-9745000", "incomeTaxExpense": "-3642000", "interestAndDebtExpense": "None", "netIncomeFromContinuingOperations": "-6103000", "comprehensiveIncomeNetOfTax": "None", "ebit": "-8498000", "ebitda": "16653000", "netIncome": "-6103000"}, {"fiscalDateEnding": "2015-12-31", "reportedCurrency": "USD", "grossProfit": "40314000", "totalRevenue": "648134000", "costOfRevenue": "607820000", "costofGoodsAndServicesSold": "607820000", "operatingIncome": "7313000", "sellingGeneralAndAdministrative": "28591000", "researchAndDevelopment": "0", "operatingExpenses": "33001000", "investmentIncomeNet": "None", "netInterestIncome": "None", "interestIncome": "None", "interestExpense": "1217000", "nonInterestIncome": "None", "otherNonOperatingIncome": "771000", "depreciation": "None", "depreciationAndAmortization": "24821000", "incomeBeforeTax": "6867000", "incomeTaxExpense": "1879000", "interestAndDebtExpense": "None", "netIncomeFromContinuingOperations": "4988000", "comprehensiveIncomeNetOfTax": "None", "ebit": "8084000", "ebitda": "32905000", "netIncome": "4988000"}, {"fiscalDateEnding": "2015-09-30", "reportedCurrency": "USD", "grossProfit": "65052000", "totalRevenue": "709380000", "costOfRevenue": "644328000", "costofGoodsAndServicesSold": "644328000", "operatingIncome": "33438000", "sellingGeneralAndAdministrative": "0", "researchAndDevelopment": "0", "operatingExpenses": "31614000", "investmentIncomeNet": "None", "netInterestIncome": "None", "interestIncome": "None", "interestExpense": "1157000", "nonInterestIncome": "None", "otherNonOperatingIncome": "-235000", "depreciation": "None", "depreciationAndAmortization": "23373000", "incomeBeforeTax": "32046000", "incomeTaxExpense": "12892000", "interestAndDebtExpense": "None", "netIncomeFromContinuingOperations": "19154000", "comprehensiveIncomeNetOfTax": "None", "ebit": "33203000", "ebitda": "56576000", "netIncome": "19154000"}, {"fiscalDateEnding": "2015-06-30", "reportedCurrency": "USD", "grossProfit": "62243000", "totalRevenue": "696115000", "costOfRevenue": "633872000", "costofGoodsAndServicesSold": "633872000", "operatingIncome": "33466000", "sellingGeneralAndAdministrative": "0", "researchAndDevelopment": "0", "operatingExpenses": "28777000", "investmentIncomeNet": "None", "netInterestIncome": "None", "interestIncome": "None", "interestExpense": "1025000", "nonInterestIncome": "None", "otherNonOperatingIncome": "468000", "depreciation": "None", "depreciationAndAmortization": "22616000", "incomeBeforeTax": "32909000", "incomeTaxExpense": "12942000", "interestAndDebtExpense": "None", "netIncomeFromContinuingOperations": "19967000", "comprehensiveIncomeNetOfTax": "None", "ebit": "33934000", "ebitda": "56550000", "netIncome": "19967000"}, {"fiscalDateEnding": "2015-03-31", "reportedCurrency": "USD", "grossProfit": "30260000", "totalRevenue": "613276000", "costOfRevenue": "583016000", "costofGoodsAndServicesSold": "583016000", "operatingIncome": "1280000", "sellingGeneralAndAdministrative": "0", "researchAndDevelopment": "0", "operatingExpenses": "28980000", "investmentIncomeNet": "None", "netInterestIncome": "None", "interestIncome": "None", "interestExpense": "1002000", "nonInterestIncome": "None", "otherNonOperatingIncome": "634000", "depreciation": "None", "depreciationAndAmortization": "22232000", "incomeBeforeTax": "912000", "incomeTaxExpense": "167000", "interestAndDebtExpense": "None", "netIncomeFromContinuingOperations": "745000", "comprehensiveIncomeNetOfTax": "None", "ebit": "1914000", "ebitda": "24146000", "netIncome": "745000"}, {"fiscalDateEnding": "2014-12-31", "reportedCurrency": "USD", "grossProfit": "51352000", "totalRevenue": "664848000", "costOfRevenue": "613496000", "costofGoodsAndServicesSold": "613496000", "operatingIncome": "18049000", "sellingGeneralAndAdministrative": "24938000", "researchAndDevelopment": "0", "operatingExpenses": "646799000", "investmentIncomeNet": "None", "netInterestIncome": "None", "interestIncome": "None", "interestExpense": "823000", "nonInterestIncome": "None", "otherNonOperatingIncome": "2415000", "depreciation": "None", "depreciationAndAmortization": "22367000", "incomeBeforeTax": "19640000", "incomeTaxExpense": "5096000", "interestAndDebtExpense": "None", "netIncomeFromContinuingOperations": "14544000", "comprehensiveIncomeNetOfTax": "None", "ebit": "20463000", "ebitda": "42830000", "netIncome": "14544000"}, {"fiscalDateEnding": "2014-09-30", "reportedCurrency": "USD", "grossProfit": "62280000", "totalRevenue": "711295000", "costOfRevenue": "649015000", "costofGoodsAndServicesSold": "649015000", "operatingIncome": "32941000", "sellingGeneralAndAdministrative": "0", "researchAndDevelopment": "0", "operatingExpenses": "29339000", "investmentIncomeNet": "None", "netInterestIncome": "None", "interestIncome": "None", "interestExpense": "834000", "nonInterestIncome": "None", "otherNonOperatingIncome": "449000", "depreciation": "None", "depreciationAndAmortization": "22178000", "incomeBeforeTax": "32556000", "incomeTaxExpense": "12938000", "interestAndDebtExpense": "None", "netIncomeFromContinuingOperations": "19618000", "comprehensiveIncomeNetOfTax": "None", "ebit": "33390000", "ebitda": "55568000", "netIncome": "19618000"}, {"fiscalDateEnding": "2014-06-30", "reportedCurrency": "USD", "grossProfit": "55975000", "totalRevenue": "658646000", "costOfRevenue": "602671000", "costofGoodsAndServicesSold": "602671000", "operatingIncome": "26952000", "sellingGeneralAndAdministrative": "0", "researchAndDevelopment": "0", "operatingExpenses": "29023000", "investmentIncomeNet": "None", "netInterestIncome": "None", "interestIncome": "None", "interestExpense": "725000", "nonInterestIncome": "None", "otherNonOperatingIncome": "1144000", "depreciation": "None", "depreciationAndAmortization": "21224000", "incomeBeforeTax": "27371000", "incomeTaxExpense": "10163000", "interestAndDebtExpense": "None", "netIncomeFromContinuingOperations": "17208000", "comprehensiveIncomeNetOfTax": "None", "ebit": "28096000", "ebitda": "49320000", "netIncome": "17208000"}, {"fiscalDateEnding": "2014-03-31", "reportedCurrency": "USD", "grossProfit": "17750000", "totalRevenue": "577904000", "costOfRevenue": "560154000", "costofGoodsAndServicesSold": "560154000", "operatingIncome": "-8702000", "sellingGeneralAndAdministrative": "0", "researchAndDevelopment": "0", "operatingExpenses": "26452000", "investmentIncomeNet": "None", "netInterestIncome": "None", "interestIncome": "None", "interestExpense": "808000", "nonInterestIncome": "None", "otherNonOperatingIncome": "555000", "depreciation": "None", "depreciationAndAmortization": "20453000", "incomeBeforeTax": "-8955000", "incomeTaxExpense": "-3762000", "interestAndDebtExpense": "None", "netIncomeFromContinuingOperations": "-5193000", "comprehensiveIncomeNetOfTax": "None", "ebit": "-8147000", "ebitda": "12306000", "netIncome": "-5193000"}, {"fiscalDateEnding": "2013-12-31", "reportedCurrency": "USD", "grossProfit": "44595000", "totalRevenue": "578550000", "costOfRevenue": "533955000", "costofGoodsAndServicesSold": "533955000", "operatingIncome": "13502000", "sellingGeneralAndAdministrative": "0", "researchAndDevelopment": "0", "operatingExpenses": "565048000", "investmentIncomeNet": "None", "netInterestIncome": "None", "interestIncome": "None", "interestExpense": "904000", "nonInterestIncome": "None", "otherNonOperatingIncome": "1298000", "depreciation": "None", "depreciationAndAmortization": "20820000", "incomeBeforeTax": "13895000", "incomeTaxExpense": "3549000", "interestAndDebtExpense": "None", "netIncomeFromContinuingOperations": "10346000", "comprehensiveIncomeNetOfTax": "None", "ebit": "14799000", "ebitda": "35619000", "netIncome": "10346000"}, {"fiscalDateEnding": "2013-09-30", "reportedCurrency": "USD", "grossProfit": "20502000", "totalRevenue": "623414000", "costOfRevenue": "602912000", "costofGoodsAndServicesSold": "602912000", "operatingIncome": "20502000", "sellingGeneralAndAdministrative": "0", "researchAndDevelopment": "0", "operatingExpenses": "602912000", "investmentIncomeNet": "None", "netInterestIncome": "None", "interestIncome": "None", "interestExpense": "993000", "nonInterestIncome": "None", "otherNonOperatingIncome": "1495000", "depreciation": "None", "depreciationAndAmortization": "21568000", "incomeBeforeTax": "21004000", "incomeTaxExpense": "7022000", "interestAndDebtExpense": "None", "netIncomeFromContinuingOperations": "13982000", "comprehensiveIncomeNetOfTax": "None", "ebit": "21997000", "ebitda": "43565000", "netIncome": "13982000"}, {"fiscalDateEnding": "2013-06-30", "reportedCurrency": "USD", "grossProfit": "8417000", "totalRevenue": "576899000", "costOfRevenue": "568482000", "costofGoodsAndServicesSold": "568482000", "operatingIncome": "8417000", "sellingGeneralAndAdministrative": "0", "researchAndDevelopment": "0", "operatingExpenses": "568482000", "investmentIncomeNet": "None", "netInterestIncome": "None", "interestIncome": "None", "interestExpense": "1079000", "nonInterestIncome": "None", "otherNonOperatingIncome": "527000", "depreciation": "None", "depreciationAndAmortization": "22808000", "incomeBeforeTax": "7865000", "incomeTaxExpense": "2987000", "interestAndDebtExpense": "None", "netIncomeFromContinuingOperations": "4878000", "comprehensiveIncomeNetOfTax": "None", "ebit": "8944000", "ebitda": "31752000", "netIncome": "4878000"}, {"fiscalDateEnding": "2013-03-31", "reportedCurrency": "USD", "grossProfit": "9491000", "totalRevenue": "520687000", "costOfRevenue": "511196000", "costofGoodsAndServicesSold": "511196000", "operatingIncome": "-23350000", "sellingGeneralAndAdministrative": "0", "researchAndDevelopment": "0", "operatingExpenses": "544037000", "investmentIncomeNet": "None", "netInterestIncome": "None", "interestIncome": "None", "interestExpense": "1207000", "nonInterestIncome": "None", "otherNonOperatingIncome": "1254000", "depreciation": "None", "depreciationAndAmortization": "23193000", "incomeBeforeTax": "-23303000", "incomeTaxExpense": "-9908000", "interestAndDebtExpense": "None", "netIncomeFromContinuingOperations": "-13395000", "comprehensiveIncomeNetOfTax": "None", "ebit": "-22096000", "ebitda": "1097000", "netIncome": "-13395000"}, {"fiscalDateEnding": "2012-12-31", "reportedCurrency": "USD", "grossProfit": "-498344000", "totalRevenue": "537043000", "costOfRevenue": "1035387000", "costofGoodsAndServicesSold": "1035387000", "operatingIncome": "-11015000", "sellingGeneralAndAdministrative": "523096000", "researchAndDevelopment": "0", "operatingExpenses": "-487329000", "investmentIncomeNet": "None", "netInterestIncome": "None", "interestIncome": "None", "interestExpense": "1410000", "nonInterestIncome": "None", "otherNonOperatingIncome": "109000", "depreciation": "None", "depreciationAndAmortization": "23764000", "incomeBeforeTax": "-12316000", "incomeTaxExpense": "-4387000", "interestAndDebtExpense": "None", "netIncomeFromContinuingOperations": "-7929000", "comprehensiveIncomeNetOfTax": "None", "ebit": "-10906000", "ebitda": "12858000", "netIncome": "-7929000"}, {"fiscalDateEnding": "2012-09-30", "reportedCurrency": "USD", "grossProfit": "351616000", "totalRevenue": "577546000", "costOfRevenue": "225930000", "costofGoodsAndServicesSold": "225930000", "operatingIncome": "12233000", "sellingGeneralAndAdministrative": "314718000", "researchAndDevelopment": "0", "operatingExpenses": "339383000", "investmentIncomeNet": "None", "netInterestIncome": "None", "interestIncome": "None", "interestExpense": "1609000", "nonInterestIncome": "None", "otherNonOperatingIncome": "1152000", "depreciation": "None", "depreciationAndAmortization": "23820000", "incomeBeforeTax": "11776000", "incomeTaxExpense": "5258000", "interestAndDebtExpense": "None", "netIncomeFromContinuingOperations": "6518000", "comprehensiveIncomeNetOfTax": "None", "ebit": "13385000", "ebitda": "37205000", "netIncome": "6518000"}, {"fiscalDateEnding": "2012-06-30", "reportedCurrency": "USD", "grossProfit": "147339000", "totalRevenue": "510543000", "costOfRevenue": "363204000", "costofGoodsAndServicesSold": "363204000", "operatingIncome": "7201000", "sellingGeneralAndAdministrative": "120188000", "researchAndDevelopment": "0", "operatingExpenses": "140138000", "investmentIncomeNet": "None", "netInterestIncome": "None", "interestIncome": "None", "interestExpense": "1112000", "nonInterestIncome": "None", "otherNonOperatingIncome": "-5000", "depreciation": "None", "depreciationAndAmortization": "20850000", "incomeBeforeTax": "6084000", "incomeTaxExpense": "-5757000", "interestAndDebtExpense": "None", "netIncomeFromContinuingOperations": "11841000", "comprehensiveIncomeNetOfTax": "None", "ebit": "7196000", "ebitda": "28046000", "netIncome": "11841000"}, {"fiscalDateEnding": "2012-03-31", "reportedCurrency": "USD", "grossProfit": "83784000", "totalRevenue": "440867000", "costOfRevenue": "357083000", "costofGoodsAndServicesSold": "357083000", "operatingIncome": "-22987000", "sellingGeneralAndAdministrative": "88190000", "researchAndDevelopment": "0", "operatingExpenses": "106771000", "investmentIncomeNet": "None", "netInterestIncome": "None", "interestIncome": "None", "interestExpense": "1142000", "nonInterestIncome": "None", "otherNonOperatingIncome": "1593000", "depreciation": "None", "depreciationAndAmortization": "19320000", "incomeBeforeTax": "-22536000", "incomeTaxExpense": "-4374000", "interestAndDebtExpense": "None", "netIncomeFromContinuingOperations": "-18162000", "comprehensiveIncomeNetOfTax": "None", "ebit": "-21394000", "ebitda": "-2074000", "netIncome": "-18162000"}, {"fiscalDateEnding": "2011-12-31", "reportedCurrency": "USD", "grossProfit": "-536648000", "totalRevenue": "463240000", "costOfRevenue": "999888000", "costofGoodsAndServicesSold": "999888000", "operatingIncome": "1635000", "sellingGeneralAndAdministrative": "439345000", "researchAndDevelopment": "0", "operatingExpenses": "-538283000", "investmentIncomeNet": "None", "netInterestIncome": "None", "interestIncome": "None", "interestExpense": "1054000", "nonInterestIncome": "None", "otherNonOperatingIncome": "1352000", "depreciation": "None", "depreciationAndAmortization": "19597000", "incomeBeforeTax": "1934000", "incomeTaxExpense": "530000", "interestAndDebtExpense": "None", "netIncomeFromContinuingOperations": "1404000", "comprehensiveIncomeNetOfTax": "None", "ebit": "2988000", "ebitda": "22585000", "netIncome": "1404000"}, {"fiscalDateEnding": "2011-09-30", "reportedCurrency": "USD", "grossProfit": "341847000", "totalRevenue": "510887000", "costOfRevenue": "169040000", "costofGoodsAndServicesSold": "169040000", "operatingIncome": "21118000", "sellingGeneralAndAdministrative": "301292000", "researchAndDevelopment": "0", "operatingExpenses": "320729000", "investmentIncomeNet": "None", "netInterestIncome": "None", "interestIncome": "None", "interestExpense": "973000", "nonInterestIncome": "None", "otherNonOperatingIncome": "-1072000", "depreciation": "None", "depreciationAndAmortization": "18230000", "incomeBeforeTax": "19073000", "incomeTaxExpense": "6808000", "interestAndDebtExpense": "None", "netIncomeFromContinuingOperations": "12265000", "comprehensiveIncomeNetOfTax": "None", "ebit": "20046000", "ebitda": "38276000", "netIncome": "12265000"}, {"fiscalDateEnding": "2011-06-30", "reportedCurrency": "USD", "grossProfit": "125903000", "totalRevenue": "498550000", "costOfRevenue": "372647000", "costofGoodsAndServicesSold": "372647000", "operatingIncome": "8998000", "sellingGeneralAndAdministrative": "99564000", "researchAndDevelopment": "0", "operatingExpenses": "116905000", "investmentIncomeNet": "None", "netInterestIncome": "None", "interestIncome": "None", "interestExpense": "932000", "nonInterestIncome": "None", "otherNonOperatingIncome": "554000", "depreciation": "None", "depreciationAndAmortization": "17980000", "incomeBeforeTax": "8620000", "incomeTaxExpense": "3169000", "interestAndDebtExpense": "None", "netIncomeFromContinuingOperations": "5451000", "comprehensiveIncomeNetOfTax": "None", "ebit": "9552000", "ebitda": "27532000", "netIncome": "5298000"}, {"fiscalDateEnding": "2011-03-31", "reportedCurrency": "USD", "grossProfit": "82093000", "totalRevenue": "434931000", "costOfRevenue": "352838000", "costofGoodsAndServicesSold": "352838000", "operatingIncome": "-21992000", "sellingGeneralAndAdministrative": "86884000", "researchAndDevelopment": "0", "operatingExpenses": "104085000", "investmentIncomeNet": "None", "netInterestIncome": "None", "interestIncome": "None", "interestExpense": "2610000", "nonInterestIncome": "None", "otherNonOperatingIncome": "2853000", "depreciation": "None", "depreciationAndAmortization": "17991000", "incomeBeforeTax": "-20133000", "incomeTaxExpense": "-7346000", "interestAndDebtExpense": "None", "netIncomeFromContinuingOperations": "-12787000", "comprehensiveIncomeNetOfTax": "None", "ebit": "-17523000", "ebitda": "468000", "netIncome": "-12808000"}, {"fiscalDateEnding": "2010-12-31", "reportedCurrency": "USD", "grossProfit": "-676155000", "totalRevenue": "441096000", "costOfRevenue": "1117251000", "costofGoodsAndServicesSold": "1117251000", "operatingIncome": "-6694000", "sellingGeneralAndAdministrative": "737593000", "researchAndDevelopment": "0", "operatingExpenses": "-669461000", "investmentIncomeNet": "None", "netInterestIncome": "None", "interestIncome": "None", "interestExpense": "999000", "nonInterestIncome": "None", "otherNonOperatingIncome": "None", "depreciation": "None", "depreciationAndAmortization": "17861000", "incomeBeforeTax": "-6571000", "incomeTaxExpense": "-3455000", "interestAndDebtExpense": "None", "netIncomeFromContinuingOperations": "0", "comprehensiveIncomeNetOfTax": "None", "ebit": "-5572000", "ebitda": "12289000", "netIncome": "-3108000"}, {"fiscalDateEnding": "2010-09-30", "reportedCurrency": "USD", "grossProfit": "316597000", "totalRevenue": "445531000", "costOfRevenue": "128934000", "costofGoodsAndServicesSold": "128934000", "operatingIncome": "-1776000", "sellingGeneralAndAdministrative": "264483000", "researchAndDevelopment": "0", "operatingExpenses": "318373000", "investmentIncomeNet": "None", "netInterestIncome": "None", "interestIncome": "None", "interestExpense": "853000", "nonInterestIncome": "None", "otherNonOperatingIncome": "1659000", "depreciation": "None", "depreciationAndAmortization": "17742000", "incomeBeforeTax": "-970000", "incomeTaxExpense": "-385000", "interestAndDebtExpense": "None", "netIncomeFromContinuingOperations": "-585000", "comprehensiveIncomeNetOfTax": "None", "ebit": "-117000", "ebitda": "17625000", "netIncome": "-749000"}, {"fiscalDateEnding": "2010-06-30", "reportedCurrency": "USD", "grossProfit": "292738000", "totalRevenue": "411347000", "costOfRevenue": "118609000", "costofGoodsAndServicesSold": "118609000", "operatingIncome": "-10810000", "sellingGeneralAndAdministrative": "254914000", "researchAndDevelopment": "0", "operatingExpenses": "303548000", "investmentIncomeNet": "None", "netInterestIncome": "None", "interestIncome": "None", "interestExpense": "434000", "nonInterestIncome": "None", "otherNonOperatingIncome": "-183000", "depreciation": "None", "depreciationAndAmortization": "17683000", "incomeBeforeTax": "-11427000", "incomeTaxExpense": "-4079000", "interestAndDebtExpense": "None", "netIncomeFromContinuingOperations": "-7348000", "comprehensiveIncomeNetOfTax": "None", "ebit": "-10993000", "ebitda": "6690000", "netIncome": "-7444000"}, {"fiscalDateEnding": "2010-03-31", "reportedCurrency": "USD", "grossProfit": "224080000", "totalRevenue": "359889000", "costOfRevenue": "135809000", "costofGoodsAndServicesSold": "135809000", "operatingIncome": "-35266000", "sellingGeneralAndAdministrative": "240622000", "researchAndDevelopment": "0", "operatingExpenses": "259346000", "investmentIncomeNet": "None", "netInterestIncome": "None", "interestIncome": "None", "interestExpense": "565000", "nonInterestIncome": "None", "otherNonOperatingIncome": "None", "depreciation": "None", "depreciationAndAmortization": "18546000", "incomeBeforeTax": "-34829000", "incomeTaxExpense": "-13458000", "interestAndDebtExpense": "None", "netIncomeFromContinuingOperations": "0", "comprehensiveIncomeNetOfTax": "None", "ebit": "-34264000", "ebitda": "-15718000", "netIncome": "-21391000"}, {"fiscalDateEnding": "2009-12-31", "reportedCurrency": "USD", "grossProfit": "619728000", "totalRevenue": "371632000", "costOfRevenue": "1060629000", "costofGoodsAndServicesSold": "1060629000", "operatingIncome": "-100570000", "sellingGeneralAndAdministrative": "719106000", "researchAndDevelopment": "0", "operatingExpenses": "-588427000", "investmentIncomeNet": "None", "netInterestIncome": "None", "interestIncome": "None", "interestExpense": "1348000", "nonInterestIncome": "None", "otherNonOperatingIncome": "None", "depreciation": "None", "depreciationAndAmortization": "19936000", "incomeBeforeTax": "-101085000", "incomeTaxExpense": "-12412000", "interestAndDebtExpense": "None", "netIncomeFromContinuingOperations": "0", "comprehensiveIncomeNetOfTax": "None", "ebit": "-99737000", "ebitda": "-79801000", "netIncome": "-88716000"}, {"fiscalDateEnding": "2009-09-30", "reportedCurrency": "USD", "grossProfit": "314881000", "totalRevenue": "398957000", "costOfRevenue": "84076000", "costofGoodsAndServicesSold": "84076000", "operatingIncome": "-12237000", "sellingGeneralAndAdministrative": "257677000", "researchAndDevelopment": "0", "operatingExpenses": "327118000", "investmentIncomeNet": "None", "netInterestIncome": "None", "interestIncome": "None", "interestExpense": "357000", "nonInterestIncome": "None", "otherNonOperatingIncome": "None", "depreciation": "None", "depreciationAndAmortization": "18505000", "incomeBeforeTax": "-9893000", "incomeTaxExpense": "-4565000", "interestAndDebtExpense": "None", "netIncomeFromContinuingOperations": "0", "comprehensiveIncomeNetOfTax": "None", "ebit": "-9536000", "ebitda": "8969000", "netIncome": "-5573000"}, {"fiscalDateEnding": "2009-06-30", "reportedCurrency": "USD", "grossProfit": "286816000", "totalRevenue": "362635000", "costOfRevenue": "75819000", "costofGoodsAndServicesSold": "75819000", "operatingIncome": "-27297000", "sellingGeneralAndAdministrative": "251643000", "researchAndDevelopment": "0", "operatingExpenses": "314113000", "investmentIncomeNet": "None", "netInterestIncome": "None", "interestIncome": "None", "interestExpense": "344000", "nonInterestIncome": "None", "otherNonOperatingIncome": "None", "depreciation": "None", "depreciationAndAmortization": "18657000", "incomeBeforeTax": "-25446000", "incomeTaxExpense": "-10082000", "interestAndDebtExpense": "None", "netIncomeFromContinuingOperations": "0", "comprehensiveIncomeNetOfTax": "None", "ebit": "-25102000", "ebitda": "-6445000", "netIncome": "-15443000"}, {"fiscalDateEnding": "2009-03-31", "reportedCurrency": "USD", "grossProfit": "268269000", "totalRevenue": "339677000", "costOfRevenue": "71408000", "costofGoodsAndServicesSold": "71408000", "operatingIncome": "-28601000", "sellingGeneralAndAdministrative": "240971000", "researchAndDevelopment": "0", "operatingExpenses": "296870000", "investmentIncomeNet": "None", "netInterestIncome": "None", "interestIncome": "None", "interestExpense": "341000", "nonInterestIncome": "None", "otherNonOperatingIncome": "None", "depreciation": "None", "depreciationAndAmortization": "19406000", "incomeBeforeTax": "-29094000", "incomeTaxExpense": "-10937000", "interestAndDebtExpense": "None", "netIncomeFromContinuingOperations": "0", "comprehensiveIncomeNetOfTax": "None", "ebit": "-28753000", "ebitda": "-9347000", "netIncome": "-18157000"}, {"fiscalDateEnding": "2008-12-31", "reportedCurrency": "USD", "grossProfit": "-750947000", "totalRevenue": "391212000", "costOfRevenue": "1142159000", "costofGoodsAndServicesSold": "1142159000", "operatingIncome": "-15802000", "sellingGeneralAndAdministrative": "782079000", "researchAndDevelopment": "0", "operatingExpenses": "-735145000", "investmentIncomeNet": "None", "netInterestIncome": "None", "interestIncome": "None", "interestExpense": "300000", "nonInterestIncome": "None", "otherNonOperatingIncome": "None", "depreciation": "None", "depreciationAndAmortization": "19476000", "incomeBeforeTax": "-17120000", "incomeTaxExpense": "-6146000", "interestAndDebtExpense": "None", "netIncomeFromContinuingOperations": "0", "comprehensiveIncomeNetOfTax": "None", "ebit": "-16820000", "ebitda": "2656000", "netIncome": "-10974000"}, {"fiscalDateEnding": "2008-09-30", "reportedCurrency": "USD", "grossProfit": "367337000", "totalRevenue": "495815000", "costOfRevenue": "128478000", "costofGoodsAndServicesSold": "128478000", "operatingIncome": "25492000", "sellingGeneralAndAdministrative": "280479000", "researchAndDevelopment": "0", "operatingExpenses": "341845000", "investmentIncomeNet": "None", "netInterestIncome": "None", "interestIncome": "None", "interestExpense": "206000", "nonInterestIncome": "None", "otherNonOperatingIncome": "None", "depreciation": "None", "depreciationAndAmortization": "19080000", "incomeBeforeTax": "26097000", "incomeTaxExpense": "10655000", "interestAndDebtExpense": "None", "netIncomeFromContinuingOperations": "0", "comprehensiveIncomeNetOfTax": "None", "ebit": "26303000", "ebitda": "45383000", "netIncome": "15442000"}, {"fiscalDateEnding": "2008-06-30", "reportedCurrency": "USD", "grossProfit": "96074000", "totalRevenue": "498514000", "costOfRevenue": "402440000", "costofGoodsAndServicesSold": "402440000", "operatingIncome": "25682000", "sellingGeneralAndAdministrative": "9097000", "researchAndDevelopment": "0", "operatingExpenses": "70392000", "investmentIncomeNet": "None", "netInterestIncome": "None", "interestIncome": "None", "interestExpense": "336000", "nonInterestIncome": "None", "otherNonOperatingIncome": "None", "depreciation": "None", "depreciationAndAmortization": "19245000", "incomeBeforeTax": "26812000", "incomeTaxExpense": "10657000", "interestAndDebtExpense": "None", "netIncomeFromContinuingOperations": "0", "comprehensiveIncomeNetOfTax": "None", "ebit": "27148000", "ebitda": "46393000", "netIncome": "16155000"}, {"fiscalDateEnding": "2008-03-31", "reportedCurrency": "USD", "grossProfit": "81575000", "totalRevenue": "447511000", "costOfRevenue": "365936000", "costofGoodsAndServicesSold": "365936000", "operatingIncome": "13152000", "sellingGeneralAndAdministrative": "8842000", "researchAndDevelopment": "0", "operatingExpenses": "68423000", "investmentIncomeNet": "None", "netInterestIncome": "None", "interestIncome": "None", "interestExpense": "339000", "nonInterestIncome": "None", "otherNonOperatingIncome": "None", "depreciation": "None", "depreciationAndAmortization": "19364000", "incomeBeforeTax": "14121000", "incomeTaxExpense": "5577000", "interestAndDebtExpense": "None", "netIncomeFromContinuingOperations": "0", "comprehensiveIncomeNetOfTax": "None", "ebit": "14460000", "ebitda": "33824000", "netIncome": "8544000"}, {"fiscalDateEnding": "2007-12-31", "reportedCurrency": "USD", "grossProfit": "544154000", "totalRevenue": "476235000", "costOfRevenue": "-67919000", "costofGoodsAndServicesSold": "-67919000", "operatingIncome": "19564000", "sellingGeneralAndAdministrative": "356888000", "researchAndDevelopment": "0", "operatingExpenses": "524590000", "investmentIncomeNet": "None", "netInterestIncome": "None", "interestIncome": "None", "interestExpense": "304000", "nonInterestIncome": "None", "otherNonOperatingIncome": "None", "depreciation": "None", "depreciationAndAmortization": "19549000", "incomeBeforeTax": "20798000", "incomeTaxExpense": "7309000", "interestAndDebtExpense": "None", "netIncomeFromContinuingOperations": "0", "comprehensiveIncomeNetOfTax": "None", "ebit": "29076000", "ebitda": "48625000", "netIncome": "13489000"}, {"fiscalDateEnding": "2007-09-30", "reportedCurrency": "USD", "grossProfit": "380042000", "totalRevenue": "486039000", "costOfRevenue": "105997000", "costofGoodsAndServicesSold": "105997000", "operatingIncome": "28186000", "sellingGeneralAndAdministrative": "284285000", "researchAndDevelopment": "0", "operatingExpenses": "351856000", "investmentIncomeNet": "None", "netInterestIncome": "None", "interestIncome": "None", "interestExpense": "290000", "nonInterestIncome": "None", "otherNonOperatingIncome": "None", "depreciation": "None", "depreciationAndAmortization": "19569000", "incomeBeforeTax": "29974000", "incomeTaxExpense": "11058000", "interestAndDebtExpense": "None", "netIncomeFromContinuingOperations": "0", "comprehensiveIncomeNetOfTax": "None", "ebit": "30264000", "ebitda": "49833000", "netIncome": "18916000"}, {"fiscalDateEnding": "2007-06-30", "reportedCurrency": "USD", "grossProfit": "363665000", "totalRevenue": "463703000", "costOfRevenue": "100038000", "costofGoodsAndServicesSold": "100038000", "operatingIncome": "30315000", "sellingGeneralAndAdministrative": "272221000", "researchAndDevelopment": "0", "operatingExpenses": "333350000", "investmentIncomeNet": "None", "netInterestIncome": "None", "interestIncome": "None", "interestExpense": "308000", "nonInterestIncome": "None", "otherNonOperatingIncome": "None", "depreciation": "None", "depreciationAndAmortization": "19367000", "incomeBeforeTax": "32154000", "incomeTaxExpense": "12532000", "interestAndDebtExpense": "None", "netIncomeFromContinuingOperations": "0", "comprehensiveIncomeNetOfTax": "None", "ebit": "32462000", "ebitda": "51829000", "netIncome": "19622000"}, {"fiscalDateEnding": "2007-03-31", "reportedCurrency": "USD", "grossProfit": "332152000", "totalRevenue": "427813000", "costOfRevenue": "95661000", "costofGoodsAndServicesSold": "95661000", "operatingIncome": "6778000", "sellingGeneralAndAdministrative": "273044000", "researchAndDevelopment": "0", "operatingExpenses": "325374000", "investmentIncomeNet": "None", "netInterestIncome": "None", "interestIncome": "None", "interestExpense": "287000", "nonInterestIncome": "None", "otherNonOperatingIncome": "None", "depreciation": "None", "depreciationAndAmortization": "19021000", "incomeBeforeTax": "7866000", "incomeTaxExpense": "3067000", "interestAndDebtExpense": "None", "netIncomeFromContinuingOperations": "0", "comprehensiveIncomeNetOfTax": "None", "ebit": "8153000", "ebitda": "27174000", "netIncome": "4799000"}, {"fiscalDateEnding": "2006-12-31", "reportedCurrency": "USD", "grossProfit": "448954000", "totalRevenue": "448954000", "costOfRevenue": "415798000", "costofGoodsAndServicesSold": "415798000", "operatingIncome": "-1286844000", "sellingGeneralAndAdministrative": "0", "researchAndDevelopment": "0", "operatingExpenses": "1735798000", "investmentIncomeNet": "None", "netInterestIncome": "None", "interestIncome": "None", "interestExpense": "286000", "nonInterestIncome": "None", "otherNonOperatingIncome": "None", "depreciation": "None", "depreciationAndAmortization": "17780000", "incomeBeforeTax": "22929000", "incomeTaxExpense": "8762000", "interestAndDebtExpense": "None", "netIncomeFromContinuingOperations": "0", "comprehensiveIncomeNetOfTax": "None", "ebit": "212456000", "ebitda": "230236000", "netIncome": "14167000"}, {"fiscalDateEnding": "2006-09-30", "reportedCurrency": "USD", "grossProfit": "507307000", "totalRevenue": "507307000", "costOfRevenue": "445214000", "costofGoodsAndServicesSold": "445214000", "operatingIncome": "49788000", "sellingGeneralAndAdministrative": "0", "researchAndDevelopment": "0", "operatingExpenses": "457519000", "investmentIncomeNet": "None", "netInterestIncome": "None", "interestIncome": "None", "interestExpense": "292000", "nonInterestIncome": "None", "otherNonOperatingIncome": "None", "depreciation": "None", "depreciationAndAmortization": "17142000", "incomeBeforeTax": "51660000", "incomeTaxExpense": "20114000", "interestAndDebtExpense": "None", "netIncomeFromContinuingOperations": "0", "comprehensiveIncomeNetOfTax": "None", "ebit": "49788000", "ebitda": "66930000", "netIncome": "31546000"}, {"fiscalDateEnding": "2006-06-30", "reportedCurrency": "USD", "grossProfit": "372043000", "totalRevenue": "479254000", "costOfRevenue": "107211000", "costofGoodsAndServicesSold": "107211000", "operatingIncome": "46455000", "sellingGeneralAndAdministrative": "117986000", "researchAndDevelopment": "0", "operatingExpenses": "325588000", "investmentIncomeNet": "None", "netInterestIncome": "None", "interestIncome": "None", "interestExpense": "299000", "nonInterestIncome": "None", "otherNonOperatingIncome": "None", "depreciation": "None", "depreciationAndAmortization": "16608000", "incomeBeforeTax": "47361000", "incomeTaxExpense": "18399000", "interestAndDebtExpense": "None", "netIncomeFromContinuingOperations": "0", "comprehensiveIncomeNetOfTax": "None", "ebit": "46455000", "ebitda": "63063000", "netIncome": "32259000"}, {"fiscalDateEnding": "2006-03-31", "reportedCurrency": "USD", "grossProfit": "259043000", "totalRevenue": "424962000", "costOfRevenue": "165919000", "costofGoodsAndServicesSold": "165919000", "operatingIncome": "7851000", "sellingGeneralAndAdministrative": "298609000", "researchAndDevelopment": "0", "operatingExpenses": "251192000", "investmentIncomeNet": "None", "netInterestIncome": "None", "interestIncome": "None", "interestExpense": "243000", "nonInterestIncome": "None", "otherNonOperatingIncome": "None", "depreciation": "None", "depreciationAndAmortization": "16197000", "incomeBeforeTax": "9569000", "incomeTaxExpense": "3743000", "interestAndDebtExpense": "None", "netIncomeFromContinuingOperations": "0", "comprehensiveIncomeNetOfTax": "None", "ebit": "-184020000", "ebitda": "-167823000", "netIncome": "6122000"}, {"fiscalDateEnding": "2005-12-31", "reportedCurrency": "USD", "grossProfit": "285089000", "totalRevenue": "496446000", "costOfRevenue": "211357000", "costofGoodsAndServicesSold": "211357000", "operatingIncome": "47936000", "sellingGeneralAndAdministrative": "48759000", "researchAndDevelopment": "0", "operatingExpenses": "237153000", "investmentIncomeNet": "None", "netInterestIncome": "None", "interestIncome": "None", "interestExpense": "382000", "nonInterestIncome": "None", "otherNonOperatingIncome": "None", "depreciation": "None", "depreciationAndAmortization": "17407000", "incomeBeforeTax": "49281000", "incomeTaxExpense": "19092000", "interestAndDebtExpense": "None", "netIncomeFromContinuingOperations": "0", "comprehensiveIncomeNetOfTax": "None", "ebit": "-208324000", "ebitda": "-190917000", "netIncome": "30189000"}]}