{"symbol": "TTD", "annualReports": [{"fiscalDateEnding": "2024-12-31", "reportedCurrency": "USD", "grossProfit": "1972819000", "totalRevenue": "2444831000", "costOfRevenue": "472012000", "costofGoodsAndServicesSold": "472012000", "operatingIncome": "427167000", "sellingGeneralAndAdministrative": "535816000", "researchAndDevelopment": "463319000", "operatingExpenses": "1545652000", "investmentIncomeNet": "None", "netInterestIncome": "78842000", "interestIncome": "78842000", "interestExpense": "None", "nonInterestIncome": "None", "otherNonOperatingIncome": "None", "depreciation": "None", "depreciationAndAmortization": "87490000", "incomeBeforeTax": "507302000", "incomeTaxExpense": "114226000", "interestAndDebtExpense": "None", "netIncomeFromContinuingOperations": "393076000", "comprehensiveIncomeNetOfTax": "None", "ebit": "427167000", "ebitda": "514657000", "netIncome": "393076000"}, {"fiscalDateEnding": "2023-12-31", "reportedCurrency": "USD", "grossProfit": "1580522000", "totalRevenue": "1946120000", "costOfRevenue": "365598000", "costofGoodsAndServicesSold": "365598000", "operatingIncome": "200480000", "sellingGeneralAndAdministrative": "520278000", "researchAndDevelopment": "411794000", "operatingExpenses": "1380042000", "investmentIncomeNet": "None", "netInterestIncome": "60990000", "interestIncome": "68508000", "interestExpense": "68508000", "nonInterestIncome": "None", "otherNonOperatingIncome": "None", "depreciation": "None", "depreciationAndAmortization": "80418000", "incomeBeforeTax": "267995000", "incomeTaxExpense": "89055000", "interestAndDebtExpense": "None", "netIncomeFromContinuingOperations": "152804000", "comprehensiveIncomeNetOfTax": "None", "ebit": "200480000", "ebitda": "280898000", "netIncome": "178940000"}, {"fiscalDateEnding": "2022-12-31", "reportedCurrency": "USD", "grossProfit": "1296672000", "totalRevenue": "1577795000", "costOfRevenue": "281123000", "costofGoodsAndServicesSold": "281123000", "operatingIncome": "113654000", "sellingGeneralAndAdministrative": "525167000", "researchAndDevelopment": "319876000", "operatingExpenses": "1183018000", "investmentIncomeNet": "None", "netInterestIncome": "12755000", "interestIncome": "12755000", "interestExpense": "12755000", "nonInterestIncome": "None", "otherNonOperatingIncome": "961000", "depreciation": "None", "depreciationAndAmortization": "54425000", "incomeBeforeTax": "127370000", "incomeTaxExpense": "73985000", "interestAndDebtExpense": "None", "netIncomeFromContinuingOperations": "53385000", "comprehensiveIncomeNetOfTax": "None", "ebit": "113654000", "ebitda": "168079000", "netIncome": "53385000"}, {"fiscalDateEnding": "2021-12-31", "reportedCurrency": "USD", "grossProfit": "974913000", "totalRevenue": "1196467000", "costOfRevenue": "221554000", "costofGoodsAndServicesSold": "221554000", "operatingIncome": "124817000", "sellingGeneralAndAdministrative": "374661000", "researchAndDevelopment": "226137000", "operatingExpenses": "850096000", "investmentIncomeNet": "None", "netInterestIncome": "-1030000", "interestIncome": "None", "interestExpense": "1030000", "nonInterestIncome": "None", "otherNonOperatingIncome": "-1751000", "depreciation": "None", "depreciationAndAmortization": "42219000", "incomeBeforeTax": "122036000", "incomeTaxExpense": "-15726000", "interestAndDebtExpense": "None", "netIncomeFromContinuingOperations": "137762000", "comprehensiveIncomeNetOfTax": "None", "ebit": "124817000", "ebitda": "167036000", "netIncome": "137762000"}, {"fiscalDateEnding": "2020-12-31", "reportedCurrency": "USD", "grossProfit": "657221000", "totalRevenue": "836033000", "costOfRevenue": "178812000", "costofGoodsAndServicesSold": "178812000", "operatingIncome": "144208000", "sellingGeneralAndAdministrative": "171617000", "researchAndDevelopment": "166654000", "operatingExpenses": "513013000", "investmentIncomeNet": "None", "netInterestIncome": "656000", "interestIncome": "656000", "interestExpense": "305000", "nonInterestIncome": "None", "otherNonOperatingIncome": "-961000", "depreciation": "None", "depreciationAndAmortization": "28632000", "incomeBeforeTax": "143903000", "incomeTaxExpense": "-98414000", "interestAndDebtExpense": "None", "netIncomeFromContinuingOperations": "242317000", "comprehensiveIncomeNetOfTax": "None", "ebit": "144208000", "ebitda": "172840000", "netIncome": "242317000"}, {"fiscalDateEnding": "2019-12-31", "reportedCurrency": "USD", "grossProfit": "504878000", "totalRevenue": "661058000", "costOfRevenue": "156180000", "costofGoodsAndServicesSold": "156180000", "operatingIncome": "112196000", "sellingGeneralAndAdministrative": "143048000", "researchAndDevelopment": "116752000", "operatingExpenses": "392682000", "investmentIncomeNet": "None", "netInterestIncome": "4719000", "interestIncome": "4024000", "interestExpense": "4719000", "nonInterestIncome": "None", "otherNonOperatingIncome": "-695000", "depreciation": "None", "depreciationAndAmortization": "21662000", "incomeBeforeTax": "116220000", "incomeTaxExpense": "7902000", "interestAndDebtExpense": "None", "netIncomeFromContinuingOperations": "108318000", "comprehensiveIncomeNetOfTax": "None", "ebit": "112196000", "ebitda": "133858000", "netIncome": "108318000"}, {"fiscalDateEnding": "2018-12-31", "reportedCurrency": "USD", "grossProfit": "363196000", "totalRevenue": "477294000", "costOfRevenue": "114098000", "costofGoodsAndServicesSold": "114098000", "operatingIncome": "107323000", "sellingGeneralAndAdministrative": "84910000", "researchAndDevelopment": "83892000", "operatingExpenses": "255873000", "investmentIncomeNet": "None", "netInterestIncome": "333000", "interestIncome": "1883000", "interestExpense": "1550000", "nonInterestIncome": "None", "otherNonOperatingIncome": "-36000", "depreciation": "None", "depreciationAndAmortization": "11822000", "incomeBeforeTax": "105737000", "incomeTaxExpense": "17597000", "interestAndDebtExpense": "None", "netIncomeFromContinuingOperations": "88140000", "comprehensiveIncomeNetOfTax": "None", "ebit": "107323000", "ebitda": "119145000", "netIncome": "88140000"}, {"fiscalDateEnding": "2017-12-31", "reportedCurrency": "USD", "grossProfit": "241987000", "totalRevenue": "308217000", "costOfRevenue": "66230000", "costofGoodsAndServicesSold": "66230000", "operatingIncome": "69356000", "sellingGeneralAndAdministrative": "58446000", "researchAndDevelopment": "52806000", "operatingExpenses": "172631000", "investmentIncomeNet": "None", "netInterestIncome": "-1791000", "interestIncome": "5731000", "interestExpense": "1791000", "nonInterestIncome": "None", "otherNonOperatingIncome": "-3940000", "depreciation": "None", "depreciationAndAmortization": "7209000", "incomeBeforeTax": "63625000", "incomeTaxExpense": "12827000", "interestAndDebtExpense": "None", "netIncomeFromContinuingOperations": "50798000", "comprehensiveIncomeNetOfTax": "None", "ebit": "69356000", "ebitda": "76565000", "netIncome": "50798000"}, {"fiscalDateEnding": "2016-12-31", "reportedCurrency": "USD", "grossProfit": "163050000", "totalRevenue": "202926000", "costOfRevenue": "39876000", "costofGoodsAndServicesSold": "39876000", "operatingIncome": "57518000", "sellingGeneralAndAdministrative": "32163000", "researchAndDevelopment": "27313000", "operatingExpenses": "105532000", "investmentIncomeNet": "None", "netInterestIncome": "-3075000", "interestIncome": "13684000", "interestExpense": "3075000", "nonInterestIncome": "None", "otherNonOperatingIncome": "-10609000", "depreciation": "None", "depreciationAndAmortization": "3798000", "incomeBeforeTax": "43834000", "incomeTaxExpense": "23352000", "interestAndDebtExpense": "None", "netIncomeFromContinuingOperations": "20482000", "comprehensiveIncomeNetOfTax": "None", "ebit": "46909000", "ebitda": "50707000", "netIncome": "20482000"}, {"fiscalDateEnding": "2015-12-31", "reportedCurrency": "USD", "grossProfit": "90869000", "totalRevenue": "113836000", "costOfRevenue": "22967000", "costofGoodsAndServicesSold": "22967000", "operatingIncome": "37980000", "sellingGeneralAndAdministrative": "13276000", "researchAndDevelopment": "12819000", "operatingExpenses": "52889000", "investmentIncomeNet": "None", "netInterestIncome": "None", "interestIncome": "8125000", "interestExpense": "1141000", "nonInterestIncome": "None", "otherNonOperatingIncome": "None", "depreciation": "None", "depreciationAndAmortization": "1828000", "incomeBeforeTax": "29855000", "incomeTaxExpense": "13926000", "interestAndDebtExpense": "None", "netIncomeFromContinuingOperations": "15929000", "comprehensiveIncomeNetOfTax": "None", "ebit": "30996000", "ebitda": "32824000", "netIncome": "15929000"}, {"fiscalDateEnding": "2014-12-31", "reportedCurrency": "USD", "grossProfit": "31989000", "totalRevenue": "44548000", "costOfRevenue": "12559000", "costofGoodsAndServicesSold": "12559000", "operatingIncome": "764000", "sellingGeneralAndAdministrative": "9385000", "researchAndDevelopment": "7250000", "operatingExpenses": "31225000", "investmentIncomeNet": "None", "netInterestIncome": "None", "interestIncome": "None", "interestExpense": "843000", "nonInterestIncome": "None", "otherNonOperatingIncome": "None", "depreciation": "None", "depreciationAndAmortization": "680000", "incomeBeforeTax": "-943000", "incomeTaxExpense": "-948000", "interestAndDebtExpense": "None", "netIncomeFromContinuingOperations": "15929000", "comprehensiveIncomeNetOfTax": "None", "ebit": "-100000", "ebitda": "580000", "netIncome": "5000"}], "quarterlyReports": [{"fiscalDateEnding": "2025-09-30", "reportedCurrency": "USD", "grossProfit": "577279000", "totalRevenue": "739433000", "costOfRevenue": "162154000", "costofGoodsAndServicesSold": "162154000", "operatingIncome": "161219000", "sellingGeneralAndAdministrative": "131336999", "researchAndDevelopment": "127893000", "operatingExpenses": "416060000", "investmentIncomeNet": "None", "netInterestIncome": "16490000", "interestIncome": "16490000", "interestExpense": "356000", "nonInterestIncome": "None", "otherNonOperatingIncome": "None", "depreciation": "None", "depreciationAndAmortization": "33135000", "incomeBeforeTax": "179519000", "incomeTaxExpense": "63972000", "interestAndDebtExpense": "None", "netIncomeFromContinuingOperations": "115547000", "comprehensiveIncomeNetOfTax": "None", "ebit": "179519000", "ebitda": "212654000", "netIncome": "115547000"}, {"fiscalDateEnding": "2025-06-30", "reportedCurrency": "USD", "grossProfit": "543059000", "totalRevenue": "694039000", "costOfRevenue": "150980000", "costofGoodsAndServicesSold": "150980000", "operatingIncome": "116777000", "sellingGeneralAndAdministrative": "130900000", "researchAndDevelopment": "134251000", "operatingExpenses": "426282000", "investmentIncomeNet": "None", "netInterestIncome": "18035000", "interestIncome": "18035000", "interestExpense": "None", "nonInterestIncome": "None", "otherNonOperatingIncome": "None", "depreciation": "None", "depreciationAndAmortization": "26704000", "incomeBeforeTax": "133201000", "incomeTaxExpense": "43072000", "interestAndDebtExpense": "None", "netIncomeFromContinuingOperations": "90129000", "comprehensiveIncomeNetOfTax": "None", "ebit": "116777000", "ebitda": "143481000", "netIncome": "90129000"}, {"fiscalDateEnding": "2025-03-31", "reportedCurrency": "USD", "grossProfit": "473182000", "totalRevenue": "616021000", "costOfRevenue": "142839000", "costofGoodsAndServicesSold": "142839000", "operatingIncome": "54452000", "sellingGeneralAndAdministrative": "133585000", "researchAndDevelopment": "132402000", "operatingExpenses": "418730000", "investmentIncomeNet": "None", "netInterestIncome": "20132000", "interestIncome": "None", "interestExpense": "None", "nonInterestIncome": "None", "otherNonOperatingIncome": "None", "depreciation": "None", "depreciationAndAmortization": "23985000", "incomeBeforeTax": "75769000", "incomeTaxExpense": "25091000", "interestAndDebtExpense": "None", "netIncomeFromContinuingOperations": "50678000", "comprehensiveIncomeNetOfTax": "None", "ebit": "54452000", "ebitda": "78437000", "netIncome": "50678000"}, {"fiscalDateEnding": "2024-12-31", "reportedCurrency": "USD", "grossProfit": "605745000", "totalRevenue": "741012000", "costOfRevenue": "135267000", "costofGoodsAndServicesSold": "135267000", "operatingIncome": "195309000", "sellingGeneralAndAdministrative": "131914000", "researchAndDevelopment": "127893000", "operatingExpenses": "410436000", "investmentIncomeNet": "None", "netInterestIncome": "24956000", "interestIncome": "24956000", "interestExpense": "None", "nonInterestIncome": "None", "otherNonOperatingIncome": "None", "depreciation": "None", "depreciationAndAmortization": "24112000", "incomeBeforeTax": "221599000", "incomeTaxExpense": "39370000", "interestAndDebtExpense": "None", "netIncomeFromContinuingOperations": "182229000", "comprehensiveIncomeNetOfTax": "None", "ebit": "195309000", "ebitda": "219421000", "netIncome": "182229000"}, {"fiscalDateEnding": "2024-09-30", "reportedCurrency": "USD", "grossProfit": "505360000", "totalRevenue": "628016000", "costOfRevenue": "122656000", "costofGoodsAndServicesSold": "122656000", "operatingIncome": "108481000", "sellingGeneralAndAdministrative": "138878000", "researchAndDevelopment": "117705000", "operatingExpenses": "396879000", "investmentIncomeNet": "None", "netInterestIncome": "19408000", "interestIncome": "19408000", "interestExpense": "None", "nonInterestIncome": "None", "otherNonOperatingIncome": "None", "depreciation": "None", "depreciationAndAmortization": "20754000", "incomeBeforeTax": "127178000", "incomeTaxExpense": "33020000", "interestAndDebtExpense": "None", "netIncomeFromContinuingOperations": "94158000", "comprehensiveIncomeNetOfTax": "None", "ebit": "108481000", "ebitda": "129235000", "netIncome": "94158000"}, {"fiscalDateEnding": "2024-06-30", "reportedCurrency": "USD", "grossProfit": "474091000", "totalRevenue": "584550000", "costOfRevenue": "110459000", "costofGoodsAndServicesSold": "110459000", "operatingIncome": "94720000", "sellingGeneralAndAdministrative": "135469000", "researchAndDevelopment": "110035000", "operatingExpenses": "379371000", "investmentIncomeNet": "None", "netInterestIncome": "17817000", "interestIncome": "17817000", "interestExpense": "None", "nonInterestIncome": "None", "otherNonOperatingIncome": "None", "depreciation": "None", "depreciationAndAmortization": "20882000", "incomeBeforeTax": "112492000", "incomeTaxExpense": "27463000", "interestAndDebtExpense": "None", "netIncomeFromContinuingOperations": "85029000", "comprehensiveIncomeNetOfTax": "None", "ebit": "94720000", "ebitda": "115602000", "netIncome": "85029000"}, {"fiscalDateEnding": "2024-03-31", "reportedCurrency": "USD", "grossProfit": "387623000", "totalRevenue": "491253000", "costOfRevenue": "103630000", "costofGoodsAndServicesSold": "103630000", "operatingIncome": "28657000", "sellingGeneralAndAdministrative": "129555000", "researchAndDevelopment": "107686000", "operatingExpenses": "358966000", "investmentIncomeNet": "None", "netInterestIncome": "16661000", "interestIncome": "None", "interestExpense": "None", "nonInterestIncome": "None", "otherNonOperatingIncome": "None", "depreciation": "None", "depreciationAndAmortization": "21742000", "incomeBeforeTax": "46033000", "incomeTaxExpense": "14373000", "interestAndDebtExpense": "None", "netIncomeFromContinuingOperations": "31660000", "comprehensiveIncomeNetOfTax": "None", "ebit": "28657000", "ebitda": "50399000", "netIncome": "31660000"}, {"fiscalDateEnding": "2023-12-31", "reportedCurrency": "USD", "grossProfit": "505102000", "totalRevenue": "605797000", "costOfRevenue": "100695000", "costofGoodsAndServicesSold": "100695000", "operatingIncome": "144438000", "sellingGeneralAndAdministrative": "131867000", "researchAndDevelopment": "102004000", "operatingExpenses": "360664000", "investmentIncomeNet": "None", "netInterestIncome": "18952000", "interestIncome": "None", "interestExpense": "36578000", "nonInterestIncome": "None", "otherNonOperatingIncome": "None", "depreciation": "None", "depreciationAndAmortization": "20529000", "incomeBeforeTax": "160676000", "incomeTaxExpense": "63353000", "interestAndDebtExpense": "None", "netIncomeFromContinuingOperations": "97323000", "comprehensiveIncomeNetOfTax": "None", "ebit": "144438000", "ebitda": "164967000", "netIncome": "97323000"}, {"fiscalDateEnding": "2023-09-30", "reportedCurrency": "USD", "grossProfit": "399884000", "totalRevenue": "493266000", "costOfRevenue": "93382000", "costofGoodsAndServicesSold": "93382000", "operatingIncome": "37677000", "sellingGeneralAndAdministrative": "131969000", "researchAndDevelopment": "117772000", "operatingExpenses": "362207000", "investmentIncomeNet": "None", "netInterestIncome": "17626000", "interestIncome": "17626000", "interestExpense": "None", "nonInterestIncome": "None", "otherNonOperatingIncome": "None", "depreciation": "None", "depreciationAndAmortization": "20530000", "incomeBeforeTax": "57000000", "incomeTaxExpense": "17648000", "interestAndDebtExpense": "None", "netIncomeFromContinuingOperations": "39352000", "comprehensiveIncomeNetOfTax": "None", "ebit": "37677000", "ebitda": "58207000", "netIncome": "39352000"}, {"fiscalDateEnding": "2023-06-30", "reportedCurrency": "USD", "grossProfit": "382567000", "totalRevenue": "464254000", "costOfRevenue": "81687000", "costofGoodsAndServicesSold": "81687000", "operatingIncome": "41673000", "sellingGeneralAndAdministrative": "149897000", "researchAndDevelopment": "98308000", "operatingExpenses": "340894000", "investmentIncomeNet": "None", "netInterestIncome": "17507000", "interestIncome": "17507000", "interestExpense": "17507000", "nonInterestIncome": "None", "otherNonOperatingIncome": "747000", "depreciation": "None", "depreciationAndAmortization": "20066000", "incomeBeforeTax": "59927000", "incomeTaxExpense": "26988000", "interestAndDebtExpense": "None", "netIncomeFromContinuingOperations": "32939000", "comprehensiveIncomeNetOfTax": "None", "ebit": "41673000", "ebitda": "61739000", "netIncome": "32939000"}, {"fiscalDateEnding": "2023-03-31", "reportedCurrency": "USD", "grossProfit": "297936000", "totalRevenue": "382803000", "costOfRevenue": "84867000", "costofGoodsAndServicesSold": "84867000", "operatingIncome": "-23308000", "sellingGeneralAndAdministrative": "130312000", "researchAndDevelopment": "93710000", "operatingExpenses": "321244000", "investmentIncomeNet": "None", "netInterestIncome": "14423000", "interestIncome": "None", "interestExpense": "14423000", "nonInterestIncome": "None", "otherNonOperatingIncome": "-723000", "depreciation": "None", "depreciationAndAmortization": "19293000", "incomeBeforeTax": "-9608000", "incomeTaxExpense": "-18934000", "interestAndDebtExpense": "None", "netIncomeFromContinuingOperations": "9326000", "comprehensiveIncomeNetOfTax": "None", "ebit": "-23308000", "ebitda": "-4015000", "netIncome": "9326000"}, {"fiscalDateEnding": "2022-12-31", "reportedCurrency": "USD", "grossProfit": "411118000", "totalRevenue": "490737000", "costOfRevenue": "79619000", "costofGoodsAndServicesSold": "79619000", "operatingIncome": "100160000", "sellingGeneralAndAdministrative": "133650000", "researchAndDevelopment": "84479000", "operatingExpenses": "310958000", "investmentIncomeNet": "None", "netInterestIncome": "11434000", "interestIncome": "None", "interestExpense": "11434000", "nonInterestIncome": "None", "otherNonOperatingIncome": "526000", "depreciation": "None", "depreciationAndAmortization": "16844000", "incomeBeforeTax": "112120000", "incomeTaxExpense": "40933000", "interestAndDebtExpense": "None", "netIncomeFromContinuingOperations": "71187000", "comprehensiveIncomeNetOfTax": "None", "ebit": "100160000", "ebitda": "117004000", "netIncome": "71187000"}, {"fiscalDateEnding": "2022-09-30", "reportedCurrency": "USD", "grossProfit": "324649000", "totalRevenue": "394773000", "costOfRevenue": "70124000", "costofGoodsAndServicesSold": "70124000", "operatingIncome": "28804000", "sellingGeneralAndAdministrative": "130892000", "researchAndDevelopment": "79915000", "operatingExpenses": "295845000", "investmentIncomeNet": "None", "netInterestIncome": "1741000", "interestIncome": "None", "interestExpense": "1741000", "nonInterestIncome": "None", "otherNonOperatingIncome": "-43000", "depreciation": "None", "depreciationAndAmortization": "12957000", "incomeBeforeTax": "30502000", "incomeTaxExpense": "14633000", "interestAndDebtExpense": "None", "netIncomeFromContinuingOperations": "15869000", "comprehensiveIncomeNetOfTax": "None", "ebit": "28804000", "ebitda": "41761000", "netIncome": "15869000"}, {"fiscalDateEnding": "2022-06-30", "reportedCurrency": "USD", "grossProfit": "309472000", "totalRevenue": "376962000", "costOfRevenue": "67490000", "costofGoodsAndServicesSold": "67490000", "operatingIncome": "1743000", "sellingGeneralAndAdministrative": "134826000", "researchAndDevelopment": "83483000", "operatingExpenses": "307729000", "investmentIncomeNet": "None", "netInterestIncome": "656000", "interestIncome": "None", "interestExpense": "656000", "nonInterestIncome": "None", "otherNonOperatingIncome": "-317000", "depreciation": "None", "depreciationAndAmortization": "12274000", "incomeBeforeTax": "2082000", "incomeTaxExpense": "21155000", "interestAndDebtExpense": "None", "netIncomeFromContinuingOperations": "-19073000", "comprehensiveIncomeNetOfTax": "None", "ebit": "1743000", "ebitda": "14017000", "netIncome": "-19073000"}, {"fiscalDateEnding": "2022-03-31", "reportedCurrency": "USD", "grossProfit": "251433000", "totalRevenue": "315323000", "costOfRevenue": "63890000", "costofGoodsAndServicesSold": "63890000", "operatingIncome": "-17053000", "sellingGeneralAndAdministrative": "125799000", "researchAndDevelopment": "71999000", "operatingExpenses": "268486000", "investmentIncomeNet": "None", "netInterestIncome": "-1076000", "interestIncome": "None", "interestExpense": "1076000", "nonInterestIncome": "None", "otherNonOperatingIncome": "795000", "depreciation": "None", "depreciationAndAmortization": "12350000", "incomeBeforeTax": "-17334000", "incomeTaxExpense": "-2736000", "interestAndDebtExpense": "None", "netIncomeFromContinuingOperations": "-14598000", "comprehensiveIncomeNetOfTax": "None", "ebit": "-17053000", "ebitda": "-4703000", "netIncome": "-14598000"}, {"fiscalDateEnding": "2021-12-31", "reportedCurrency": "USD", "grossProfit": "328753000", "totalRevenue": "395598000", "costOfRevenue": "66845000", "costofGoodsAndServicesSold": "66845000", "operatingIncome": "-25361000", "sellingGeneralAndAdministrative": "218777000", "researchAndDevelopment": "62836000", "operatingExpenses": "354114000", "investmentIncomeNet": "None", "netInterestIncome": "-474000", "interestIncome": "None", "interestExpense": "474000", "nonInterestIncome": "None", "otherNonOperatingIncome": "-747000", "depreciation": "None", "depreciationAndAmortization": "12250000", "incomeBeforeTax": "-26582000", "incomeTaxExpense": "-34621000", "interestAndDebtExpense": "None", "netIncomeFromContinuingOperations": "8039000", "comprehensiveIncomeNetOfTax": "None", "ebit": "-25361000", "ebitda": "-13111000", "netIncome": "8039000"}, {"fiscalDateEnding": "2021-09-30", "reportedCurrency": "USD", "grossProfit": "247691000", "totalRevenue": "301091000", "costOfRevenue": "53400000", "costofGoodsAndServicesSold": "53400000", "operatingIncome": "80446000", "sellingGeneralAndAdministrative": "52120000", "researchAndDevelopment": "55847000", "operatingExpenses": "167245000", "investmentIncomeNet": "None", "netInterestIncome": "-317000", "interestIncome": "None", "interestExpense": "317000", "nonInterestIncome": "None", "otherNonOperatingIncome": "-1153000", "depreciation": "None", "depreciationAndAmortization": "8952000", "incomeBeforeTax": "78976000", "incomeTaxExpense": "19592000", "interestAndDebtExpense": "None", "netIncomeFromContinuingOperations": "59384000", "comprehensiveIncomeNetOfTax": "None", "ebit": "80446000", "ebitda": "89398000", "netIncome": "59384000"}, {"fiscalDateEnding": "2021-06-30", "reportedCurrency": "USD", "grossProfit": "229158000", "totalRevenue": "279967000", "costOfRevenue": "50809000", "costofGoodsAndServicesSold": "50809000", "operatingIncome": "61948000", "sellingGeneralAndAdministrative": "51919000", "researchAndDevelopment": "53536000", "operatingExpenses": "167210000", "investmentIncomeNet": "None", "netInterestIncome": "-194000", "interestIncome": "None", "interestExpense": "194000", "nonInterestIncome": "None", "otherNonOperatingIncome": "-204000", "depreciation": "None", "depreciationAndAmortization": "11006000", "incomeBeforeTax": "61550000", "incomeTaxExpense": "13853000", "interestAndDebtExpense": "None", "netIncomeFromContinuingOperations": "47697000", "comprehensiveIncomeNetOfTax": "None", "ebit": "61948000", "ebitda": "72954000", "netIncome": "47697000"}, {"fiscalDateEnding": "2021-03-31", "reportedCurrency": "USD", "grossProfit": "169311000", "totalRevenue": "219811000", "costOfRevenue": "50500000", "costofGoodsAndServicesSold": "50500000", "operatingIncome": "7784000", "sellingGeneralAndAdministrative": "51845000", "researchAndDevelopment": "53918000", "operatingExpenses": "161527000", "investmentIncomeNet": "None", "netInterestIncome": "-45000", "interestIncome": "None", "interestExpense": "45000", "nonInterestIncome": "None", "otherNonOperatingIncome": "353000", "depreciation": "None", "depreciationAndAmortization": "10011000", "incomeBeforeTax": "8092000", "incomeTaxExpense": "-14550000", "interestAndDebtExpense": "None", "netIncomeFromContinuingOperations": "22642000", "comprehensiveIncomeNetOfTax": "None", "ebit": "7784000", "ebitda": "17795000", "netIncome": "22642000"}, {"fiscalDateEnding": "2020-12-31", "reportedCurrency": "USD", "grossProfit": "268260000", "totalRevenue": "319905000", "costOfRevenue": "51645000", "costofGoodsAndServicesSold": "51645000", "operatingIncome": "106432000", "sellingGeneralAndAdministrative": "54365000", "researchAndDevelopment": "48723000", "operatingExpenses": "161828000", "investmentIncomeNet": "None", "netInterestIncome": "-84000", "interestIncome": "None", "interestExpense": "84000", "nonInterestIncome": "None", "otherNonOperatingIncome": "626000", "depreciation": "None", "depreciationAndAmortization": "7855000", "incomeBeforeTax": "106961000", "incomeTaxExpense": "-44941000", "interestAndDebtExpense": "None", "netIncomeFromContinuingOperations": "151902000", "comprehensiveIncomeNetOfTax": "None", "ebit": "106432000", "ebitda": "114287000", "netIncome": "151902000"}, {"fiscalDateEnding": "2020-09-30", "reportedCurrency": "USD", "grossProfit": "171287000", "totalRevenue": "216113000", "costOfRevenue": "44826000", "costofGoodsAndServicesSold": "44826000", "operatingIncome": "42782000", "sellingGeneralAndAdministrative": "42789000", "researchAndDevelopment": "41079000", "operatingExpenses": "128505000", "investmentIncomeNet": "None", "netInterestIncome": "-235000", "interestIncome": "None", "interestExpense": "235000", "nonInterestIncome": "None", "otherNonOperatingIncome": "12000", "depreciation": "None", "depreciationAndAmortization": "7517000", "incomeBeforeTax": "42559000", "incomeTaxExpense": "1312000", "interestAndDebtExpense": "None", "netIncomeFromContinuingOperations": "41247000", "comprehensiveIncomeNetOfTax": "None", "ebit": "42782000", "ebitda": "50299000", "netIncome": "41247000"}, {"fiscalDateEnding": "2020-06-30", "reportedCurrency": "USD", "grossProfit": "97222000", "totalRevenue": "139355000", "costOfRevenue": "42133000", "costofGoodsAndServicesSold": "42133000", "operatingIncome": "-15772000", "sellingGeneralAndAdministrative": "35865000", "researchAndDevelopment": "40058000", "operatingExpenses": "112994000", "investmentIncomeNet": "None", "netInterestIncome": "-104000", "interestIncome": "None", "interestExpense": "104000", "nonInterestIncome": "None", "otherNonOperatingIncome": "-90000", "depreciation": "None", "depreciationAndAmortization": "6783000", "incomeBeforeTax": "-15966000", "incomeTaxExpense": "-41077000", "interestAndDebtExpense": "None", "netIncomeFromContinuingOperations": "25111000", "comprehensiveIncomeNetOfTax": "None", "ebit": "-15772000", "ebitda": "-8989000", "netIncome": "25111000"}, {"fiscalDateEnding": "2020-03-31", "reportedCurrency": "USD", "grossProfit": "120452000", "totalRevenue": "160660000", "costOfRevenue": "40208000", "costofGoodsAndServicesSold": "40208000", "operatingIncome": "10766000", "sellingGeneralAndAdministrative": "38598000", "researchAndDevelopment": "36794000", "operatingExpenses": "109686000", "investmentIncomeNet": "None", "netInterestIncome": "1092000", "interestIncome": "142000", "interestExpense": "1092000", "nonInterestIncome": "None", "otherNonOperatingIncome": "-1509000", "depreciation": "None", "depreciationAndAmortization": "6477000", "incomeBeforeTax": "10349000", "incomeTaxExpense": "-13708000", "interestAndDebtExpense": "None", "netIncomeFromContinuingOperations": "24057000", "comprehensiveIncomeNetOfTax": "None", "ebit": "10766000", "ebitda": "17243000", "netIncome": "24057000"}, {"fiscalDateEnding": "2019-12-31", "reportedCurrency": "USD", "grossProfit": "168677000", "totalRevenue": "215944000", "costOfRevenue": "47267000", "costofGoodsAndServicesSold": "47267000", "operatingIncome": "52650000", "sellingGeneralAndAdministrative": "40293000", "researchAndDevelopment": "32803000", "operatingExpenses": "116027000", "investmentIncomeNet": "None", "netInterestIncome": "956000", "interestIncome": "1045000", "interestExpense": "4719000", "nonInterestIncome": "None", "otherNonOperatingIncome": "None", "depreciation": "None", "depreciationAndAmortization": "6416000", "incomeBeforeTax": "53695000", "incomeTaxExpense": "2750000", "interestAndDebtExpense": "None", "netIncomeFromContinuingOperations": "50945000", "comprehensiveIncomeNetOfTax": "None", "ebit": "52650000", "ebitda": "59066000", "netIncome": "50945000"}, {"fiscalDateEnding": "2019-09-30", "reportedCurrency": "USD", "grossProfit": "124271000", "totalRevenue": "164203000", "costOfRevenue": "39932000", "costofGoodsAndServicesSold": "39932000", "operatingIncome": "21927000", "sellingGeneralAndAdministrative": "37017000", "researchAndDevelopment": "29185000", "operatingExpenses": "102344000", "investmentIncomeNet": "None", "netInterestIncome": "1480000", "interestIncome": "1892000", "interestExpense": "1480000", "nonInterestIncome": "None", "otherNonOperatingIncome": "412000", "depreciation": "None", "depreciationAndAmortization": "5969000", "incomeBeforeTax": "23819000", "incomeTaxExpense": "4397000", "interestAndDebtExpense": "None", "netIncomeFromContinuingOperations": "19422000", "comprehensiveIncomeNetOfTax": "None", "ebit": "21927000", "ebitda": "27896000", "netIncome": "19422000"}, {"fiscalDateEnding": "2019-06-30", "reportedCurrency": "USD", "grossProfit": "124594000", "totalRevenue": "159924000", "costOfRevenue": "35330000", "costofGoodsAndServicesSold": "35330000", "operatingIncome": "31949000", "sellingGeneralAndAdministrative": "32121000", "researchAndDevelopment": "29452000", "operatingExpenses": "92645000", "investmentIncomeNet": "None", "netInterestIncome": "1286000", "interestIncome": "1420000", "interestExpense": "1286000", "nonInterestIncome": "None", "otherNonOperatingIncome": "134000", "depreciation": "None", "depreciationAndAmortization": "4821000", "incomeBeforeTax": "33369000", "incomeTaxExpense": "5569000", "interestAndDebtExpense": "None", "netIncomeFromContinuingOperations": "27800000", "comprehensiveIncomeNetOfTax": "None", "ebit": "31949000", "ebitda": "36770000", "netIncome": "27800000"}, {"fiscalDateEnding": "2019-03-31", "reportedCurrency": "USD", "grossProfit": "87336000", "totalRevenue": "120987000", "costOfRevenue": "33651000", "costofGoodsAndServicesSold": "33651000", "operatingIncome": "5670000", "sellingGeneralAndAdministrative": "33617000", "researchAndDevelopment": "25312000", "operatingExpenses": "81666000", "investmentIncomeNet": "None", "netInterestIncome": "997000", "interestIncome": "333000", "interestExpense": "997000", "nonInterestIncome": "None", "otherNonOperatingIncome": "-1330000", "depreciation": "None", "depreciationAndAmortization": "4456000", "incomeBeforeTax": "5337000", "incomeTaxExpense": "-4814000", "interestAndDebtExpense": "None", "netIncomeFromContinuingOperations": "10151000", "comprehensiveIncomeNetOfTax": "None", "ebit": "4340000", "ebitda": "8796000", "netIncome": "10151000"}, {"fiscalDateEnding": "2018-12-31", "reportedCurrency": "USD", "grossProfit": "125212000", "totalRevenue": "160468000", "costOfRevenue": "35256000", "costofGoodsAndServicesSold": "35256000", "operatingIncome": "48968000", "sellingGeneralAndAdministrative": "25094000", "researchAndDevelopment": "24086000", "operatingExpenses": "76244000", "investmentIncomeNet": "None", "netInterestIncome": "None", "interestIncome": "None", "interestExpense": "1394000", "nonInterestIncome": "None", "otherNonOperatingIncome": "None", "depreciation": "None", "depreciationAndAmortization": "3715000", "incomeBeforeTax": "49304000", "incomeTaxExpense": "9869000", "interestAndDebtExpense": "None", "netIncomeFromContinuingOperations": "39435000", "comprehensiveIncomeNetOfTax": "None", "ebit": "48932000", "ebitda": "52647000", "netIncome": "39435000"}, {"fiscalDateEnding": "2018-09-30", "reportedCurrency": "USD", "grossProfit": "89481000", "totalRevenue": "118825000", "costOfRevenue": "29344000", "costofGoodsAndServicesSold": "29344000", "operatingIncome": "22263000", "sellingGeneralAndAdministrative": "21310000", "researchAndDevelopment": "22621000", "operatingExpenses": "67218000", "investmentIncomeNet": "None", "netInterestIncome": "None", "interestIncome": "None", "interestExpense": "237000", "nonInterestIncome": "None", "otherNonOperatingIncome": "-395000", "depreciation": "None", "depreciationAndAmortization": "3277000", "incomeBeforeTax": "22105000", "incomeTaxExpense": "1813000", "interestAndDebtExpense": "None", "netIncomeFromContinuingOperations": "20292000", "comprehensiveIncomeNetOfTax": "None", "ebit": "22263000", "ebitda": "25540000", "netIncome": "20292000"}, {"fiscalDateEnding": "2018-06-30", "reportedCurrency": "USD", "grossProfit": "85732000", "totalRevenue": "112333000", "costOfRevenue": "26601000", "costofGoodsAndServicesSold": "26601000", "operatingIncome": "26162000", "sellingGeneralAndAdministrative": "19396000", "researchAndDevelopment": "19484000", "operatingExpenses": "59570000", "investmentIncomeNet": "None", "netInterestIncome": "None", "interestIncome": "None", "interestExpense": "32000", "nonInterestIncome": "None", "otherNonOperatingIncome": "-1096000", "depreciation": "None", "depreciationAndAmortization": "2579000", "incomeBeforeTax": "25098000", "incomeTaxExpense": "5755000", "interestAndDebtExpense": "None", "netIncomeFromContinuingOperations": "19343000", "comprehensiveIncomeNetOfTax": "None", "ebit": "26162000", "ebitda": "28741000", "netIncome": "19343000"}, {"fiscalDateEnding": "2018-03-31", "reportedCurrency": "USD", "grossProfit": "62771000", "totalRevenue": "85668000", "costOfRevenue": "22897000", "costofGoodsAndServicesSold": "22897000", "operatingIncome": "9930000", "sellingGeneralAndAdministrative": "19110000", "researchAndDevelopment": "17701000", "operatingExpenses": "52841000", "investmentIncomeNet": "None", "netInterestIncome": "None", "interestIncome": "None", "interestExpense": "156000", "nonInterestIncome": "None", "otherNonOperatingIncome": "-544000", "depreciation": "None", "depreciationAndAmortization": "2251000", "incomeBeforeTax": "9230000", "incomeTaxExpense": "160000", "interestAndDebtExpense": "None", "netIncomeFromContinuingOperations": "9070000", "comprehensiveIncomeNetOfTax": "None", "ebit": "9930000", "ebitda": "12181000", "netIncome": "9070000"}, {"fiscalDateEnding": "2017-12-31", "reportedCurrency": "USD", "grossProfit": "81515000", "totalRevenue": "102648000", "costOfRevenue": "21133000", "costofGoodsAndServicesSold": "21133000", "operatingIncome": "29318000", "sellingGeneralAndAdministrative": "16631000", "researchAndDevelopment": "17029000", "operatingExpenses": "52197000", "investmentIncomeNet": "None", "netInterestIncome": "None", "interestIncome": "None", "interestExpense": "501000", "nonInterestIncome": "None", "otherNonOperatingIncome": "None", "depreciation": "None", "depreciationAndAmortization": "2052000", "incomeBeforeTax": "28036000", "incomeTaxExpense": "11225000", "interestAndDebtExpense": "None", "netIncomeFromContinuingOperations": "82389000", "comprehensiveIncomeNetOfTax": "None", "ebit": "28537000", "ebitda": "30589000", "netIncome": "16811000"}, {"fiscalDateEnding": "2017-09-30", "reportedCurrency": "USD", "grossProfit": "62016000", "totalRevenue": "79413000", "costOfRevenue": "17397000", "costofGoodsAndServicesSold": "17397000", "operatingIncome": "18408000", "sellingGeneralAndAdministrative": "14227000", "researchAndDevelopment": "13181000", "operatingExpenses": "43608000", "investmentIncomeNet": "None", "netInterestIncome": "None", "interestIncome": "None", "interestExpense": "513000", "nonInterestIncome": "None", "otherNonOperatingIncome": "-1841000", "depreciation": "None", "depreciationAndAmortization": "1968000", "incomeBeforeTax": "16054000", "incomeTaxExpense": "5825000", "interestAndDebtExpense": "None", "netIncomeFromContinuingOperations": "10229000", "comprehensiveIncomeNetOfTax": "None", "ebit": "18408000", "ebitda": "20376000", "netIncome": "10229000"}, {"fiscalDateEnding": "2017-06-30", "reportedCurrency": "USD", "grossProfit": "57653000", "totalRevenue": "72804000", "costOfRevenue": "15151000", "costofGoodsAndServicesSold": "15151000", "operatingIncome": "19694000", "sellingGeneralAndAdministrative": "11658000", "researchAndDevelopment": "12135000", "operatingExpenses": "37959000", "investmentIncomeNet": "None", "netInterestIncome": "None", "interestIncome": "None", "interestExpense": "413000", "nonInterestIncome": "None", "otherNonOperatingIncome": "-890000", "depreciation": "None", "depreciationAndAmortization": "1696000", "incomeBeforeTax": "18391000", "incomeTaxExpense": "-458000", "interestAndDebtExpense": "None", "netIncomeFromContinuingOperations": "18849000", "comprehensiveIncomeNetOfTax": "None", "ebit": "19694000", "ebitda": "21390000", "netIncome": "18849000"}, {"fiscalDateEnding": "2017-03-31", "reportedCurrency": "USD", "grossProfit": "40803000", "totalRevenue": "53352000", "costOfRevenue": "12549000", "costofGoodsAndServicesSold": "12549000", "operatingIncome": "1936000", "sellingGeneralAndAdministrative": "15930000", "researchAndDevelopment": "10461000", "operatingExpenses": "38867000", "investmentIncomeNet": "None", "netInterestIncome": "None", "interestIncome": "None", "interestExpense": "364000", "nonInterestIncome": "None", "otherNonOperatingIncome": "-428000", "depreciation": "None", "depreciationAndAmortization": "1493000", "incomeBeforeTax": "1144000", "incomeTaxExpense": "-3765000", "interestAndDebtExpense": "None", "netIncomeFromContinuingOperations": "4909000", "comprehensiveIncomeNetOfTax": "None", "ebit": "1508000", "ebitda": "3001000", "netIncome": "4909000"}, {"fiscalDateEnding": "2016-12-31", "reportedCurrency": "USD", "grossProfit": "59151000", "totalRevenue": "72410000", "costOfRevenue": "13259000", "costofGoodsAndServicesSold": "13259000", "operatingIncome": "24037000", "sellingGeneralAndAdministrative": "10721000", "researchAndDevelopment": "9619000", "operatingExpenses": "35114000", "investmentIncomeNet": "None", "netInterestIncome": "None", "interestIncome": "None", "interestExpense": "411000", "nonInterestIncome": "None", "otherNonOperatingIncome": "None", "depreciation": "None", "depreciationAndAmortization": "1186000", "incomeBeforeTax": "22964000", "incomeTaxExpense": "12684000", "interestAndDebtExpense": "None", "netIncomeFromContinuingOperations": "20482000", "comprehensiveIncomeNetOfTax": "None", "ebit": "23375000", "ebitda": "24561000", "netIncome": "10280000"}, {"fiscalDateEnding": "2016-09-30", "reportedCurrency": "USD", "grossProfit": "42534000", "totalRevenue": "52956000", "costOfRevenue": "10422000", "costofGoodsAndServicesSold": "10422000", "operatingIncome": "15051000", "sellingGeneralAndAdministrative": "8591000", "researchAndDevelopment": "7292000", "operatingExpenses": "27483000", "investmentIncomeNet": "None", "netInterestIncome": "None", "interestIncome": "None", "interestExpense": "1347000", "nonInterestIncome": "None", "otherNonOperatingIncome": "-4740000", "depreciation": "None", "depreciationAndAmortization": "959000", "incomeBeforeTax": "8964000", "incomeTaxExpense": "5320000", "interestAndDebtExpense": "None", "netIncomeFromContinuingOperations": "3644000", "comprehensiveIncomeNetOfTax": "None", "ebit": "10311000", "ebitda": "11270000", "netIncome": "3644000"}, {"fiscalDateEnding": "2016-06-30", "reportedCurrency": "USD", "grossProfit": "38500000", "totalRevenue": "47182000", "costOfRevenue": "8682000", "costofGoodsAndServicesSold": "8682000", "operatingIncome": "15034000", "sellingGeneralAndAdministrative": "6452000", "researchAndDevelopment": "5763000", "operatingExpenses": "23466000", "investmentIncomeNet": "None", "netInterestIncome": "None", "interestIncome": "None", "interestExpense": "482000", "nonInterestIncome": "None", "otherNonOperatingIncome": "None", "depreciation": "None", "depreciationAndAmortization": "834000", "incomeBeforeTax": "13774000", "incomeTaxExpense": "6176000", "interestAndDebtExpense": "None", "netIncomeFromContinuingOperations": "0", "comprehensiveIncomeNetOfTax": "None", "ebit": "14256000", "ebitda": "15090000", "netIncome": "7598000"}, {"fiscalDateEnding": "2016-03-31", "reportedCurrency": "USD", "grossProfit": "22865000", "totalRevenue": "30378000", "costOfRevenue": "7513000", "costofGoodsAndServicesSold": "7513000", "operatingIncome": "3396000", "sellingGeneralAndAdministrative": "6399000", "researchAndDevelopment": "4639000", "operatingExpenses": "19469000", "investmentIncomeNet": "None", "netInterestIncome": "None", "interestIncome": "None", "interestExpense": "835000", "nonInterestIncome": "None", "otherNonOperatingIncome": "None", "depreciation": "None", "depreciationAndAmortization": "819000", "incomeBeforeTax": "-1868000", "incomeTaxExpense": "-828000", "interestAndDebtExpense": "None", "netIncomeFromContinuingOperations": "0", "comprehensiveIncomeNetOfTax": "None", "ebit": "-1033000", "ebitda": "-214000", "netIncome": "-1040000"}, {"fiscalDateEnding": "2015-12-31", "reportedCurrency": "USD", "grossProfit": "35301000", "totalRevenue": "42658000", "costOfRevenue": "7357000", "costofGoodsAndServicesSold": "7357000", "operatingIncome": "17985000", "sellingGeneralAndAdministrative": "4740000", "researchAndDevelopment": "4312000", "operatingExpenses": "17316000", "investmentIncomeNet": "None", "netInterestIncome": "None", "interestIncome": "None", "interestExpense": "425000", "nonInterestIncome": "None", "otherNonOperatingIncome": "None", "depreciation": "None", "depreciationAndAmortization": "705000", "incomeBeforeTax": "12672000", "incomeTaxExpense": "7022000", "interestAndDebtExpense": "None", "netIncomeFromContinuingOperations": "15929000", "comprehensiveIncomeNetOfTax": "None", "ebit": "13097000", "ebitda": "13802000", "netIncome": "5650000"}, {"fiscalDateEnding": "2015-09-30", "reportedCurrency": "USD", "grossProfit": "22800000", "totalRevenue": "28768000", "costOfRevenue": "5968000", "costofGoodsAndServicesSold": "5968000", "operatingIncome": "9192000", "sellingGeneralAndAdministrative": "3359000", "researchAndDevelopment": "3411000", "operatingExpenses": "13608000", "investmentIncomeNet": "None", "netInterestIncome": "None", "interestIncome": "None", "interestExpense": "295000", "nonInterestIncome": "None", "otherNonOperatingIncome": "None", "depreciation": "None", "depreciationAndAmortization": "430000", "incomeBeforeTax": "7816000", "incomeTaxExpense": "3211000", "interestAndDebtExpense": "None", "netIncomeFromContinuingOperations": "0", "comprehensiveIncomeNetOfTax": "None", "ebit": "8111000", "ebitda": "8541000", "netIncome": "4605000"}, {"fiscalDateEnding": "2015-06-30", "reportedCurrency": "USD", "grossProfit": "19331000", "totalRevenue": "24452000", "costOfRevenue": "5121000", "costofGoodsAndServicesSold": "5121000", "operatingIncome": "7141000", "sellingGeneralAndAdministrative": "2648000", "researchAndDevelopment": "2817000", "operatingExpenses": "12669000", "investmentIncomeNet": "None", "netInterestIncome": "None", "interestIncome": "None", "interestExpense": "227000", "nonInterestIncome": "None", "otherNonOperatingIncome": "None", "depreciation": "None", "depreciationAndAmortization": "370000", "incomeBeforeTax": "6435000", "incomeTaxExpense": "2548000", "interestAndDebtExpense": "None", "netIncomeFromContinuingOperations": "0", "comprehensiveIncomeNetOfTax": "None", "ebit": "7141000", "ebitda": "7511000", "netIncome": "4994000"}, {"fiscalDateEnding": "2015-03-31", "reportedCurrency": "USD", "grossProfit": "13437000", "totalRevenue": "17958000", "costOfRevenue": "4521000", "costofGoodsAndServicesSold": "4521000", "operatingIncome": "3662000", "sellingGeneralAndAdministrative": "2529000", "researchAndDevelopment": "2279000", "operatingExpenses": "10311000", "investmentIncomeNet": "None", "netInterestIncome": "None", "interestIncome": "None", "interestExpense": "194000", "nonInterestIncome": "None", "otherNonOperatingIncome": "None", "depreciation": "None", "depreciationAndAmortization": "323000", "incomeBeforeTax": "2932000", "incomeTaxExpense": "1145000", "interestAndDebtExpense": "None", "netIncomeFromContinuingOperations": "0", "comprehensiveIncomeNetOfTax": "None", "ebit": "3662000", "ebitda": "3985000", "netIncome": "476000"}, {"fiscalDateEnding": "2014-12-31", "reportedCurrency": "USD", "grossProfit": "32669000", "totalRevenue": "18472000", "costOfRevenue": "3514000", "costofGoodsAndServicesSold": "3514000", "operatingIncome": "6028000", "sellingGeneralAndAdministrative": "8653000", "researchAndDevelopment": "7250000", "operatingExpenses": "43784000", "investmentIncomeNet": "None", "netInterestIncome": "None", "interestIncome": "None", "interestExpense": "413000", "nonInterestIncome": "None", "otherNonOperatingIncome": "None", "depreciation": "None", "depreciationAndAmortization": "None", "incomeBeforeTax": "5326000", "incomeTaxExpense": "-948000", "interestAndDebtExpense": "None", "netIncomeFromContinuingOperations": "15929000", "comprehensiveIncomeNetOfTax": "None", "ebit": "764000", "ebitda": "None", "netIncome": "10000000"}, {"fiscalDateEnding": "2014-09-30", "reportedCurrency": "USD", "grossProfit": "0", "totalRevenue": "11187000", "costOfRevenue": "3203000", "costofGoodsAndServicesSold": "3203000", "operatingIncome": "1083000", "sellingGeneralAndAdministrative": "6740000", "researchAndDevelopment": "0", "operatingExpenses": "0", "investmentIncomeNet": "None", "netInterestIncome": "None", "interestIncome": "None", "interestExpense": "137000", "nonInterestIncome": "None", "otherNonOperatingIncome": "None", "depreciation": "None", "depreciationAndAmortization": "None", "incomeBeforeTax": "718000", "incomeTaxExpense": "-829000", "interestAndDebtExpense": "None", "netIncomeFromContinuingOperations": "0", "comprehensiveIncomeNetOfTax": "None", "ebit": "0", "ebitda": "None", "netIncome": "1146000"}, {"fiscalDateEnding": "2014-06-30", "reportedCurrency": "USD", "grossProfit": "0", "totalRevenue": "8381000", "costOfRevenue": "2950000", "costofGoodsAndServicesSold": "2950000", "operatingIncome": "0", "sellingGeneralAndAdministrative": "6278000", "researchAndDevelopment": "0", "operatingExpenses": "0", "investmentIncomeNet": "None", "netInterestIncome": "None", "interestIncome": "None", "interestExpense": "128000", "nonInterestIncome": "None", "otherNonOperatingIncome": "None", "depreciation": "None", "depreciationAndAmortization": "None", "incomeBeforeTax": "0", "incomeTaxExpense": "829000", "interestAndDebtExpense": "None", "netIncomeFromContinuingOperations": "0", "comprehensiveIncomeNetOfTax": "None", "ebit": "0", "ebitda": "None", "netIncome": "0"}, {"fiscalDateEnding": "2014-03-31", "reportedCurrency": "USD", "grossProfit": "0", "totalRevenue": "6508000", "costOfRevenue": "2212000", "costofGoodsAndServicesSold": "2212000", "operatingIncome": "0", "sellingGeneralAndAdministrative": "9554000", "researchAndDevelopment": "0", "operatingExpenses": "0", "investmentIncomeNet": "None", "netInterestIncome": "None", "interestIncome": "None", "interestExpense": "165000", "nonInterestIncome": "None", "otherNonOperatingIncome": "None", "depreciation": "None", "depreciationAndAmortization": "None", "incomeBeforeTax": "0", "incomeTaxExpense": "3325000", "interestAndDebtExpense": "None", "netIncomeFromContinuingOperations": "0", "comprehensiveIncomeNetOfTax": "None", "ebit": "0", "ebitda": "None", "netIncome": "0"}]}