{"symbol": "PHM", "annualReports": [{"fiscalDateEnding": "2025-12-31", "reportedCurrency": "USD", "grossProfit": "4572604000", "totalRevenue": "17311953000", "costOfRevenue": "12739349000", "costofGoodsAndServicesSold": "12739349000", "operatingIncome": "2998676000", "sellingGeneralAndAdministrative": "1573928000", "researchAndDevelopment": "None", "operatingExpenses": "1573928000", "investmentIncomeNet": "None", "netInterestIncome": "43823000", "interestIncome": "44428000", "interestExpense": "605000", "nonInterestIncome": "None", "otherNonOperatingIncome": "None", "depreciation": "None", "depreciationAndAmortization": "112507000", "incomeBeforeTax": "2911321000", "incomeTaxExpense": "692591000", "interestAndDebtExpense": "None", "netIncomeFromContinuingOperations": "2218730000", "comprehensiveIncomeNetOfTax": "None", "ebit": "2911321000", "ebitda": "3023828000", "netIncome": "2218730000"}, {"fiscalDateEnding": "2024-12-31", "reportedCurrency": "USD", "grossProfit": "5221205000", "totalRevenue": "17946950000", "costOfRevenue": "12725745000", "costofGoodsAndServicesSold": "12725745000", "operatingIncome": "3889895000", "sellingGeneralAndAdministrative": "1246676000", "researchAndDevelopment": "None", "operatingExpenses": "1331310000", "investmentIncomeNet": "None", "netInterestIncome": "59007000", "interestIncome": "59486000", "interestExpense": "479000", "nonInterestIncome": "None", "otherNonOperatingIncome": "None", "depreciation": "None", "depreciationAndAmortization": "89162000", "incomeBeforeTax": "4005879000", "incomeTaxExpense": "922617000", "interestAndDebtExpense": "None", "netIncomeFromContinuingOperations": "3083262000", "comprehensiveIncomeNetOfTax": "None", "ebit": "4006358000", "ebitda": "4095520000", "netIncome": "3083262000"}, {"fiscalDateEnding": "2023-12-31", "reportedCurrency": "USD", "grossProfit": "29300", "totalRevenue": "16061578000", "costOfRevenue": "15740793700", "costofGoodsAndServicesSold": "15740793700", "operatingIncome": "-1312612700", "sellingGeneralAndAdministrative": "1312097000", "researchAndDevelopment": "None", "operatingExpenses": "1312642000", "investmentIncomeNet": "None", "netInterestIncome": "42209000", "interestIncome": "42624000", "interestExpense": "415000", "nonInterestIncome": "None", "otherNonOperatingIncome": "None", "depreciation": "None", "depreciationAndAmortization": "78749000", "incomeBeforeTax": "3316075000", "incomeTaxExpense": "892654000", "interestAndDebtExpense": "None", "netIncomeFromContinuingOperations": "2773610000", "comprehensiveIncomeNetOfTax": "None", "ebit": "-1312612700", "ebitda": "-1233863700", "netIncome": "2602372000"}, {"fiscalDateEnding": "2022-12-31", "reportedCurrency": "USD", "grossProfit": "4834498000", "totalRevenue": "16228995000", "costOfRevenue": "11394497000", "costofGoodsAndServicesSold": "11394497000", "operatingIncome": "3453276000", "sellingGeneralAndAdministrative": "1381221458", "researchAndDevelopment": "None", "operatingExpenses": "1381222000", "investmentIncomeNet": "None", "netInterestIncome": "1687000", "interestIncome": "1971000", "interestExpense": "284000", "nonInterestIncome": "None", "otherNonOperatingIncome": "-13718000", "depreciation": "None", "depreciationAndAmortization": "70918000", "incomeBeforeTax": "3439558000", "incomeTaxExpense": "822241000", "interestAndDebtExpense": "None", "netIncomeFromContinuingOperations": "2617317000", "comprehensiveIncomeNetOfTax": "None", "ebit": "3453276000", "ebitda": "3524194000", "netIncome": "2617317000"}, {"fiscalDateEnding": "2021-12-31", "reportedCurrency": "USD", "grossProfit": "3782422000", "totalRevenue": "13926882000", "costOfRevenue": "10144460000", "costofGoodsAndServicesSold": "10144460000", "operatingIncome": "2635193000", "sellingGeneralAndAdministrative": "1208698000", "researchAndDevelopment": "None", "operatingExpenses": "1208698000", "investmentIncomeNet": "None", "netInterestIncome": "1451000", "interestIncome": "1953000", "interestExpense": "502000", "nonInterestIncome": "None", "otherNonOperatingIncome": "-63879000", "depreciation": "None", "depreciationAndAmortization": "69953000", "incomeBeforeTax": "2509845000", "incomeTaxExpense": "563525000", "interestAndDebtExpense": "None", "netIncomeFromContinuingOperations": "1946320000", "comprehensiveIncomeNetOfTax": "None", "ebit": "2635193000", "ebitda": "2705146000", "netIncome": "1946320000"}, {"fiscalDateEnding": "2020-12-31", "reportedCurrency": "USD", "grossProfit": "2778152000", "totalRevenue": "11036082000", "costOfRevenue": "8257930000", "costofGoodsAndServicesSold": "8257930000", "operatingIncome": "1786900000", "sellingGeneralAndAdministrative": "1011442000", "researchAndDevelopment": "None", "operatingExpenses": "1011442000", "investmentIncomeNet": "None", "netInterestIncome": "2589000", "interestIncome": "6837000", "interestExpense": "4248000", "nonInterestIncome": "None", "otherNonOperatingIncome": "-17826000", "depreciation": "None", "depreciationAndAmortization": "66081000", "incomeBeforeTax": "1728694000", "incomeTaxExpense": "321855000", "interestAndDebtExpense": "None", "netIncomeFromContinuingOperations": "1406839000", "comprehensiveIncomeNetOfTax": "None", "ebit": "1786900000", "ebitda": "1852981000", "netIncome": "1406839000"}, {"fiscalDateEnding": "2019-12-31", "reportedCurrency": "USD", "grossProfit": "2397389000", "totalRevenue": "10212957000", "costOfRevenue": "7815568000", "costofGoodsAndServicesSold": "7815568000", "operatingIncome": "1353052000", "sellingGeneralAndAdministrative": "1044337000", "researchAndDevelopment": "None", "operatingExpenses": "1044337000", "investmentIncomeNet": "None", "netInterestIncome": "16155000", "interestIncome": "16739000", "interestExpense": "584000", "nonInterestIncome": "None", "otherNonOperatingIncome": "-13476000", "depreciation": "None", "depreciationAndAmortization": "53999000", "incomeBeforeTax": "1339576000", "incomeTaxExpense": "322876000", "interestAndDebtExpense": "None", "netIncomeFromContinuingOperations": "1016700000", "comprehensiveIncomeNetOfTax": "None", "ebit": "1353052000", "ebitda": "1407051000", "netIncome": "1016700000"}, {"fiscalDateEnding": "2018-12-31", "reportedCurrency": "USD", "grossProfit": "2373412000", "totalRevenue": "10188331000", "costOfRevenue": "7814919000", "costofGoodsAndServicesSold": "7814919000", "operatingIncome": "1347589000", "sellingGeneralAndAdministrative": "1012023000", "researchAndDevelopment": "None", "operatingExpenses": "1012023000", "investmentIncomeNet": "None", "netInterestIncome": "6975000", "interestIncome": "7593000", "interestExpense": "618000", "nonInterestIncome": "None", "otherNonOperatingIncome": "-13849000", "depreciation": "None", "depreciationAndAmortization": "49429000", "incomeBeforeTax": "1347540000", "incomeTaxExpense": "325517000", "interestAndDebtExpense": "None", "netIncomeFromContinuingOperations": "1022023000", "comprehensiveIncomeNetOfTax": "None", "ebit": "1347589000", "ebitda": "1397018000", "netIncome": "1022023000"}, {"fiscalDateEnding": "2017-12-31", "reportedCurrency": "USD", "grossProfit": "1858360000", "totalRevenue": "8573250000", "costOfRevenue": "6714890000", "costofGoodsAndServicesSold": "6714890000", "operatingIncome": "952979000", "sellingGeneralAndAdministrative": "891581000", "researchAndDevelopment": "0", "operatingExpenses": "891581000", "investmentIncomeNet": "None", "netInterestIncome": "2034000", "interestIncome": "2537000", "interestExpense": "503000", "nonInterestIncome": "None", "otherNonOperatingIncome": "-27951000", "depreciation": "None", "depreciationAndAmortization": "50998000", "incomeBeforeTax": "938828000", "incomeTaxExpense": "491607000", "interestAndDebtExpense": "None", "netIncomeFromContinuingOperations": "447221000", "comprehensiveIncomeNetOfTax": "None", "ebit": "952979000", "ebitda": "1003977000", "netIncome": "447221000"}, {"fiscalDateEnding": "2016-12-31", "reportedCurrency": "USD", "grossProfit": "1939814000", "totalRevenue": "7668476000", "costOfRevenue": "5728662000", "costofGoodsAndServicesSold": "5728662000", "operatingIncome": "968864000", "sellingGeneralAndAdministrative": "957150000", "researchAndDevelopment": "0", "operatingExpenses": "957150000", "investmentIncomeNet": "None", "netInterestIncome": "2550000", "interestIncome": "3236000", "interestExpense": "686000", "nonInterestIncome": "None", "otherNonOperatingIncome": "-48814000", "depreciation": "None", "depreciationAndAmortization": "54007000", "incomeBeforeTax": "933850000", "incomeTaxExpense": "331147000", "interestAndDebtExpense": "None", "netIncomeFromContinuingOperations": "602703000", "comprehensiveIncomeNetOfTax": "None", "ebit": "968864000", "ebitda": "1022871000", "netIncome": "602703000"}, {"fiscalDateEnding": "2015-12-31", "reportedCurrency": "USD", "grossProfit": "1423166000", "totalRevenue": "5981964000", "costOfRevenue": "4558798000", "costofGoodsAndServicesSold": "4558798000", "operatingIncome": "820486000", "sellingGeneralAndAdministrative": "589780000", "researchAndDevelopment": "0", "operatingExpenses": "589780000", "investmentIncomeNet": "None", "netInterestIncome": "None", "interestIncome": "None", "interestExpense": "788000", "nonInterestIncome": "None", "otherNonOperatingIncome": "-17363000", "depreciation": "None", "depreciationAndAmortization": "46222000", "incomeBeforeTax": "816023000", "incomeTaxExpense": "321933000", "interestAndDebtExpense": "None", "netIncomeFromContinuingOperations": "494090000", "comprehensiveIncomeNetOfTax": "None", "ebit": "820486000", "ebitda": "866708000", "netIncome": "494090000"}, {"fiscalDateEnding": "2014-12-31", "reportedCurrency": "USD", "grossProfit": "1384127000", "totalRevenue": "5822363000", "costOfRevenue": "4438236000", "costofGoodsAndServicesSold": "4438236000", "operatingIncome": "703279000", "sellingGeneralAndAdministrative": "667815000", "researchAndDevelopment": "0", "operatingExpenses": "667815000", "investmentIncomeNet": "None", "netInterestIncome": "None", "interestIncome": "None", "interestExpense": "849000", "nonInterestIncome": "None", "otherNonOperatingIncome": "-25705000", "depreciation": "None", "depreciationAndAmortization": "39864000", "incomeBeforeTax": "689758000", "incomeTaxExpense": "215420000", "interestAndDebtExpense": "None", "netIncomeFromContinuingOperations": "474338000", "comprehensiveIncomeNetOfTax": "None", "ebit": "703279000", "ebitda": "743143000", "netIncome": "474338000"}, {"fiscalDateEnding": "2013-12-31", "reportedCurrency": "USD", "grossProfit": "1172262000", "totalRevenue": "5679595000", "costOfRevenue": "4507333000", "costofGoodsAndServicesSold": "4507333000", "operatingIncome": "590662000", "sellingGeneralAndAdministrative": "568500000", "researchAndDevelopment": "0", "operatingExpenses": "568500000", "investmentIncomeNet": "None", "netInterestIncome": "None", "interestIncome": "None", "interestExpense": "712000", "nonInterestIncome": "None", "otherNonOperatingIncome": "-75228000", "depreciation": "None", "depreciationAndAmortization": "31587000", "incomeBeforeTax": "527822000", "incomeTaxExpense": "-2092294000", "interestAndDebtExpense": "None", "netIncomeFromContinuingOperations": "2620116000", "comprehensiveIncomeNetOfTax": "None", "ebit": "590662000", "ebitda": "622249000", "netIncome": "2620116000"}, {"fiscalDateEnding": "2012-12-31", "reportedCurrency": "USD", "grossProfit": "756156000", "totalRevenue": "4819998000", "costOfRevenue": "4063842000", "costofGoodsAndServicesSold": "4063842000", "operatingIncome": "228599000", "sellingGeneralAndAdministrative": "514457000", "researchAndDevelopment": "0", "operatingExpenses": "514457000", "investmentIncomeNet": "None", "netInterestIncome": "None", "interestIncome": "None", "interestExpense": "819000", "nonInterestIncome": "None", "otherNonOperatingIncome": "-57326000", "depreciation": "None", "depreciationAndAmortization": "30027000", "incomeBeforeTax": "183554000", "incomeTaxExpense": "-22591000", "interestAndDebtExpense": "None", "netIncomeFromContinuingOperations": "206145000", "comprehensiveIncomeNetOfTax": "None", "ebit": "228599000", "ebitda": "258626000", "netIncome": "206145000"}, {"fiscalDateEnding": "2011-12-31", "reportedCurrency": "USD", "grossProfit": "495347000", "totalRevenue": "4136690000", "costOfRevenue": "3641343000", "costofGoodsAndServicesSold": "3641343000", "operatingIncome": "-24236000", "sellingGeneralAndAdministrative": "519583000", "researchAndDevelopment": "0", "operatingExpenses": "519583000", "investmentIncomeNet": "None", "netInterestIncome": "None", "interestIncome": "None", "interestExpense": "1313000", "nonInterestIncome": "None", "otherNonOperatingIncome": "-284751000", "depreciation": "None", "depreciationAndAmortization": "32098000", "incomeBeforeTax": "-310300000", "incomeTaxExpense": "-99912000", "interestAndDebtExpense": "None", "netIncomeFromContinuingOperations": "-210388000", "comprehensiveIncomeNetOfTax": "None", "ebit": "-24236000", "ebitda": "7862000", "netIncome": "-210388000"}, {"fiscalDateEnding": "2010-12-31", "reportedCurrency": "USD", "grossProfit": "3406265000", "totalRevenue": "4569290000", "costOfRevenue": "1163025000", "costofGoodsAndServicesSold": "1163025000", "operatingIncome": "-501874000", "sellingGeneralAndAdministrative": "895102000", "researchAndDevelopment": "0", "operatingExpenses": "39403000", "investmentIncomeNet": "None", "netInterestIncome": "None", "interestIncome": "None", "interestExpense": "185264000", "nonInterestIncome": "None", "otherNonOperatingIncome": "-729943000", "depreciation": "None", "depreciationAndAmortization": "45660000", "incomeBeforeTax": "-1234546000", "incomeTaxExpense": "-137817000", "interestAndDebtExpense": "None", "netIncomeFromContinuingOperations": "-1096729000", "comprehensiveIncomeNetOfTax": "None", "ebit": "-501874000", "ebitda": "-456214000", "netIncome": "-1096729000"}, {"fiscalDateEnding": "2009-12-31", "reportedCurrency": "USD", "grossProfit": "2176054000", "totalRevenue": "4084389000", "costOfRevenue": "1908335000", "costofGoodsAndServicesSold": "1908335000", "operatingIncome": "-1246543000", "sellingGeneralAndAdministrative": "672434000", "researchAndDevelopment": "None", "operatingExpenses": "66784000", "investmentIncomeNet": "None", "netInterestIncome": "None", "interestIncome": "None", "interestExpense": "2262000", "nonInterestIncome": "None", "otherNonOperatingIncome": "None", "depreciation": "None", "depreciationAndAmortization": "54246000", "incomeBeforeTax": "-1975119000", "incomeTaxExpense": "-792552000", "interestAndDebtExpense": "None", "netIncomeFromContinuingOperations": "None", "comprehensiveIncomeNetOfTax": "None", "ebit": "-1246543000", "ebitda": "-1192297000", "netIncome": "-1182567000"}, {"fiscalDateEnding": "2008-12-31", "reportedCurrency": "USD", "grossProfit": "-855136000", "totalRevenue": "6289458000", "costOfRevenue": "7144594000", "costofGoodsAndServicesSold": "7144594000", "operatingIncome": "-1669786000", "sellingGeneralAndAdministrative": "530650000", "researchAndDevelopment": "None", "operatingExpenses": "814650000", "investmentIncomeNet": "None", "netInterestIncome": "None", "interestIncome": "None", "interestExpense": "2908000", "nonInterestIncome": "None", "otherNonOperatingIncome": "None", "depreciation": "None", "depreciationAndAmortization": "73980000", "incomeBeforeTax": "-1682599000", "incomeTaxExpense": "-209486000", "interestAndDebtExpense": "None", "netIncomeFromContinuingOperations": "None", "comprehensiveIncomeNetOfTax": "None", "ebit": "-1669786000", "ebitda": "-1595806000", "netIncome": "-1473113000"}, {"fiscalDateEnding": "2007-12-31", "reportedCurrency": "USD", "grossProfit": "-613573000", "totalRevenue": "9263094000", "costOfRevenue": "9876667000", "costofGoodsAndServicesSold": "9876667000", "operatingIncome": "-2306881000", "sellingGeneralAndAdministrative": "1693307678", "researchAndDevelopment": "None", "operatingExpenses": "1693308000", "investmentIncomeNet": "None", "netInterestIncome": "None", "interestIncome": "None", "interestExpense": "0", "nonInterestIncome": "None", "otherNonOperatingIncome": "None", "depreciation": "None", "depreciationAndAmortization": "83852000", "incomeBeforeTax": "-2496903000", "incomeTaxExpense": "-222486000", "interestAndDebtExpense": "None", "netIncomeFromContinuingOperations": "None", "comprehensiveIncomeNetOfTax": "None", "ebit": "-2306881000", "ebitda": "-2223029000", "netIncome": "-2255755000"}, {"fiscalDateEnding": "2006-12-31", "reportedCurrency": "USD", "grossProfit": "1193304000", "totalRevenue": "14274408000", "costOfRevenue": "13081104000", "costofGoodsAndServicesSold": "13081104000", "operatingIncome": "1193304000", "sellingGeneralAndAdministrative": "1135690", "researchAndDevelopment": "None", "operatingExpenses": "1136027", "investmentIncomeNet": "None", "netInterestIncome": "None", "interestIncome": "None", "interestExpense": "0", "nonInterestIncome": "None", "otherNonOperatingIncome": "None", "depreciation": "None", "depreciationAndAmortization": "83675000", "incomeBeforeTax": "1082728000", "incomeTaxExpense": "393082000", "interestAndDebtExpense": "None", "netIncomeFromContinuingOperations": "None", "comprehensiveIncomeNetOfTax": "None", "ebit": "1193304000", "ebitda": "1276979000", "netIncome": "687471000"}], "quarterlyReports": [{"fiscalDateEnding": "2025-12-31", "reportedCurrency": "USD", "grossProfit": "1142493000", "totalRevenue": "4610748000", "costOfRevenue": "3468255000", "costofGoodsAndServicesSold": "3468255000", "operatingIncome": "753036000", "sellingGeneralAndAdministrative": "389457000", "researchAndDevelopment": "None", "operatingExpenses": "389457000", "investmentIncomeNet": "None", "netInterestIncome": "12615000", "interestIncome": "12782000", "interestExpense": "166999", "nonInterestIncome": "None", "otherNonOperatingIncome": "None", "depreciation": "None", "depreciationAndAmortization": "36958000", "incomeBeforeTax": "655239000", "incomeTaxExpense": "153625000", "interestAndDebtExpense": "None", "netIncomeFromContinuingOperations": "501615000", "comprehensiveIncomeNetOfTax": "None", "ebit": "655239000", "ebitda": "692197000", "netIncome": "501614000"}, {"fiscalDateEnding": "2025-09-30", "reportedCurrency": "USD", "grossProfit": "1223189000", "totalRevenue": "4404799000", "costOfRevenue": "3181610000", "costofGoodsAndServicesSold": "3181610000", "operatingIncome": "761310000", "sellingGeneralAndAdministrative": "400681000", "researchAndDevelopment": "None", "operatingExpenses": "459578000", "investmentIncomeNet": "None", "netInterestIncome": "11634000", "interestIncome": "11804000", "interestExpense": "170000", "nonInterestIncome": "None", "otherNonOperatingIncome": "None", "depreciation": "None", "depreciationAndAmortization": "25835000", "incomeBeforeTax": "767788000", "incomeTaxExpense": "181954000", "interestAndDebtExpense": "None", "netIncomeFromContinuingOperations": "585834000", "comprehensiveIncomeNetOfTax": "None", "ebit": "767788000", "ebitda": "793623000", "netIncome": "585834000"}, {"fiscalDateEnding": "2025-06-30", "reportedCurrency": "USD", "grossProfit": "1198206000", "totalRevenue": "4403755000", "costOfRevenue": "3205549000", "costofGoodsAndServicesSold": "3205549000", "operatingIncome": "805452000", "sellingGeneralAndAdministrative": "390453000", "researchAndDevelopment": "None", "operatingExpenses": "392754000", "investmentIncomeNet": "None", "netInterestIncome": "9440000", "interestIncome": "9581000", "interestExpense": "141000", "nonInterestIncome": "None", "otherNonOperatingIncome": "None", "depreciation": "None", "depreciationAndAmortization": "25046000", "incomeBeforeTax": "807156000", "incomeTaxExpense": "198673000", "interestAndDebtExpense": "None", "netIncomeFromContinuingOperations": "608483000", "comprehensiveIncomeNetOfTax": "None", "ebit": "807297000", "ebitda": "832343000", "netIncome": "608483000"}, {"fiscalDateEnding": "2025-03-31", "reportedCurrency": "USD", "grossProfit": "1067610000", "totalRevenue": "3892650000", "costOfRevenue": "2825040000", "costofGoodsAndServicesSold": "2825040000", "operatingIncome": "671906000", "sellingGeneralAndAdministrative": "393337000", "researchAndDevelopment": "None", "operatingExpenses": "395704000", "investmentIncomeNet": "None", "netInterestIncome": "10135000", "interestIncome": "10262000", "interestExpense": "127000", "nonInterestIncome": "None", "otherNonOperatingIncome": "None", "depreciation": "None", "depreciationAndAmortization": "24668000", "incomeBeforeTax": "681137000", "incomeTaxExpense": "158338000", "interestAndDebtExpense": "None", "netIncomeFromContinuingOperations": "522799000", "comprehensiveIncomeNetOfTax": "None", "ebit": "681264000", "ebitda": "705932000", "netIncome": "522799000"}, {"fiscalDateEnding": "2024-12-31", "reportedCurrency": "USD", "grossProfit": "1354703000", "totalRevenue": "4921794000", "costOfRevenue": "3567091000", "costofGoodsAndServicesSold": "3567091000", "operatingIncome": "1156566000", "sellingGeneralAndAdministrative": "121039000", "researchAndDevelopment": "None", "operatingExpenses": "198137000", "investmentIncomeNet": "None", "netInterestIncome": "11091000", "interestIncome": "11218000", "interestExpense": "127000", "nonInterestIncome": "None", "otherNonOperatingIncome": "None", "depreciation": "None", "depreciationAndAmortization": "24187000", "incomeBeforeTax": "1182728000", "incomeTaxExpense": "269489000", "interestAndDebtExpense": "None", "netIncomeFromContinuingOperations": "913239000", "comprehensiveIncomeNetOfTax": "None", "ebit": "1182855000", "ebitda": "1207042000", "netIncome": "913239000"}, {"fiscalDateEnding": "2024-09-30", "reportedCurrency": "USD", "grossProfit": "1300883000", "totalRevenue": "4476342000", "costOfRevenue": "3175459000", "costofGoodsAndServicesSold": "3175459000", "operatingIncome": "891488000", "sellingGeneralAndAdministrative": "406897000", "researchAndDevelopment": "None", "operatingExpenses": "409395000", "investmentIncomeNet": "None", "netInterestIncome": "13628000", "interestIncome": "13748000", "interestExpense": "120000", "nonInterestIncome": "None", "otherNonOperatingIncome": "None", "depreciation": "None", "depreciationAndAmortization": "22084000", "incomeBeforeTax": "906196000", "incomeTaxExpense": "208282000", "interestAndDebtExpense": "None", "netIncomeFromContinuingOperations": "697914000", "comprehensiveIncomeNetOfTax": "None", "ebit": "906316000", "ebitda": "928400000", "netIncome": "697914000"}, {"fiscalDateEnding": "2024-06-30", "reportedCurrency": "USD", "grossProfit": "1393966000", "totalRevenue": "4599655000", "costOfRevenue": "3205689000", "costofGoodsAndServicesSold": "3205689000", "operatingIncome": "1030323000", "sellingGeneralAndAdministrative": "361145000", "researchAndDevelopment": "None", "operatingExpenses": "363643000", "investmentIncomeNet": "None", "netInterestIncome": "17024000", "interestIncome": "17141000", "interestExpense": "117000", "nonInterestIncome": "None", "otherNonOperatingIncome": "None", "depreciation": "None", "depreciationAndAmortization": "21830000", "incomeBeforeTax": "1048312000", "incomeTaxExpense": "239179000", "interestAndDebtExpense": "None", "netIncomeFromContinuingOperations": "809133000", "comprehensiveIncomeNetOfTax": "None", "ebit": "1048429000", "ebitda": "1070259000", "netIncome": "809133000"}, {"fiscalDateEnding": "2024-03-31", "reportedCurrency": "USD", "grossProfit": "1171652000", "totalRevenue": "3949160000", "costOfRevenue": "2777508000", "costofGoodsAndServicesSold": "2777508000", "operatingIncome": "811518000", "sellingGeneralAndAdministrative": "357594000", "researchAndDevelopment": "None", "operatingExpenses": "360134000", "investmentIncomeNet": "None", "netInterestIncome": "17264000", "interestIncome": "17379000", "interestExpense": "115000", "nonInterestIncome": "None", "otherNonOperatingIncome": "None", "depreciation": "None", "depreciationAndAmortization": "21061000", "incomeBeforeTax": "868643000", "incomeTaxExpense": "205667000", "interestAndDebtExpense": "None", "netIncomeFromContinuingOperations": "662976000", "comprehensiveIncomeNetOfTax": "None", "ebit": "868758000", "ebitda": "889819000", "netIncome": "662976000"}, {"fiscalDateEnding": "2023-12-31", "reportedCurrency": "USD", "grossProfit": "1249557000", "totalRevenue": "4293652000", "costOfRevenue": "3044095000", "costofGoodsAndServicesSold": "3044095000", "operatingIncome": "938615000", "sellingGeneralAndAdministrative": "250819000", "researchAndDevelopment": "None", "operatingExpenses": "310942000", "investmentIncomeNet": "None", "netInterestIncome": "19710000", "interestIncome": "19832000", "interestExpense": "122000", "nonInterestIncome": "None", "otherNonOperatingIncome": "None", "depreciation": "None", "depreciationAndAmortization": "21059000", "incomeBeforeTax": "946818000", "incomeTaxExpense": "235825000", "interestAndDebtExpense": "None", "netIncomeFromContinuingOperations": "710993000", "comprehensiveIncomeNetOfTax": "None", "ebit": "946940000", "ebitda": "967999000", "netIncome": "710993000"}, {"fiscalDateEnding": "2023-09-30", "reportedCurrency": "USD", "grossProfit": "1263937000", "totalRevenue": "4003533000", "costOfRevenue": "2739596000", "costofGoodsAndServicesSold": "2739596000", "operatingIncome": "910770000", "sellingGeneralAndAdministrative": "353167000", "researchAndDevelopment": "None", "operatingExpenses": "353167000", "investmentIncomeNet": "None", "netInterestIncome": "19183000", "interestIncome": "19303000", "interestExpense": "120000", "nonInterestIncome": "None", "otherNonOperatingIncome": "None", "depreciation": "None", "depreciationAndAmortization": "20561000", "incomeBeforeTax": "847314000", "incomeTaxExpense": "-208539000", "interestAndDebtExpense": "None", "netIncomeFromContinuingOperations": "638775000", "comprehensiveIncomeNetOfTax": "None", "ebit": "890209000", "ebitda": "910770000", "netIncome": "638775000"}, {"fiscalDateEnding": "2023-06-30", "reportedCurrency": "USD", "grossProfit": "1253120000", "totalRevenue": "4188753000", "costOfRevenue": "2935633000", "costofGoodsAndServicesSold": "2935633000", "operatingIncome": "935860000", "sellingGeneralAndAdministrative": "314637000", "researchAndDevelopment": "None", "operatingExpenses": "317260000", "investmentIncomeNet": "None", "netInterestIncome": "15182000", "interestIncome": "15302000", "interestExpense": "120000", "nonInterestIncome": "None", "otherNonOperatingIncome": "14530000", "depreciation": "None", "depreciationAndAmortization": "20065000", "incomeBeforeTax": "953013000", "incomeTaxExpense": "232668000", "interestAndDebtExpense": "None", "netIncomeFromContinuingOperations": "720345000", "comprehensiveIncomeNetOfTax": "None", "ebit": "953133000", "ebitda": "973198000", "netIncome": "720345000"}, {"fiscalDateEnding": "2023-03-31", "reportedCurrency": "USD", "grossProfit": "1034309000", "totalRevenue": "3575641000", "costOfRevenue": "2541332000", "costofGoodsAndServicesSold": "2541332000", "operatingIncome": "695121000", "sellingGeneralAndAdministrative": "336518000", "researchAndDevelopment": "None", "operatingExpenses": "339188000", "investmentIncomeNet": "None", "netInterestIncome": "6989000", "interestIncome": "7096000", "interestExpense": "107000", "nonInterestIncome": "None", "otherNonOperatingIncome": "4331000", "depreciation": "None", "depreciationAndAmortization": "19139000", "incomeBeforeTax": "702122000", "incomeTaxExpense": "169863000", "interestAndDebtExpense": "None", "netIncomeFromContinuingOperations": "532259000", "comprehensiveIncomeNetOfTax": "None", "ebit": "702229000", "ebitda": "721368000", "netIncome": "532259000"}, {"fiscalDateEnding": "2022-12-31", "reportedCurrency": "USD", "grossProfit": "1497534000", "totalRevenue": "5171378000", "costOfRevenue": "3673844000", "costofGoodsAndServicesSold": "3673844000", "operatingIncome": "1143938000", "sellingGeneralAndAdministrative": "350830458", "researchAndDevelopment": "None", "operatingExpenses": "353596000", "investmentIncomeNet": "None", "netInterestIncome": "855000", "interestIncome": "923000", "interestExpense": "68000", "nonInterestIncome": "None", "otherNonOperatingIncome": "17112000", "depreciation": "None", "depreciationAndAmortization": "18984000", "incomeBeforeTax": "1163815000", "incomeTaxExpense": "281584000", "interestAndDebtExpense": "None", "netIncomeFromContinuingOperations": "882231000", "comprehensiveIncomeNetOfTax": "None", "ebit": "1163883000", "ebitda": "1182867000", "netIncome": "882231000"}, {"fiscalDateEnding": "2022-09-30", "reportedCurrency": "USD", "grossProfit": "1186583000", "totalRevenue": "3895062000", "costOfRevenue": "2708479000", "costofGoodsAndServicesSold": "2708479000", "operatingIncome": "833705000", "sellingGeneralAndAdministrative": "350112000", "researchAndDevelopment": "None", "operatingExpenses": "352878000", "investmentIncomeNet": "None", "netInterestIncome": "305000", "interestIncome": "370000", "interestExpense": "65000", "nonInterestIncome": "None", "otherNonOperatingIncome": "-25194000", "depreciation": "None", "depreciationAndAmortization": "18541000", "incomeBeforeTax": "811277000", "incomeTaxExpense": "183349000", "interestAndDebtExpense": "None", "netIncomeFromContinuingOperations": "-2083982000", "comprehensiveIncomeNetOfTax": "None", "ebit": "811342000", "ebitda": "829883000", "netIncome": "627928000"}, {"fiscalDateEnding": "2022-06-30", "reportedCurrency": "USD", "grossProfit": "1219327000", "totalRevenue": "3926186000", "costOfRevenue": "2706859000", "costofGoodsAndServicesSold": "2706859000", "operatingIncome": "864573000", "sellingGeneralAndAdministrative": "351256000", "researchAndDevelopment": "None", "operatingExpenses": "3060881000", "investmentIncomeNet": "None", "netInterestIncome": "225000", "interestIncome": "290000", "interestExpense": "948000", "nonInterestIncome": "None", "otherNonOperatingIncome": "None", "depreciation": "None", "depreciationAndAmortization": "33393000", "incomeBeforeTax": "864573000", "incomeTaxExpense": "212138000", "interestAndDebtExpense": "None", "netIncomeFromContinuingOperations": "652435000", "comprehensiveIncomeNetOfTax": "None", "ebit": "868128000", "ebitda": "881850000", "netIncome": "652435000"}, {"fiscalDateEnding": "2022-03-31", "reportedCurrency": "USD", "grossProfit": "931053000", "totalRevenue": "3149519000", "costOfRevenue": "2218466000", "costofGoodsAndServicesSold": "2218466000", "operatingIncome": "599210000", "sellingGeneralAndAdministrative": "329022000", "researchAndDevelopment": "None", "operatingExpenses": "331843000", "investmentIncomeNet": "None", "netInterestIncome": "302000", "interestIncome": "388000", "interestExpense": "86000", "nonInterestIncome": "None", "otherNonOperatingIncome": "-2138000", "depreciation": "None", "depreciationAndAmortization": "16181000", "incomeBeforeTax": "599893000", "incomeTaxExpense": "145170000", "interestAndDebtExpense": "None", "netIncomeFromContinuingOperations": "454723000", "comprehensiveIncomeNetOfTax": "None", "ebit": "599979000", "ebitda": "616160000", "netIncome": "454723000"}, {"fiscalDateEnding": "2021-12-31", "reportedCurrency": "USD", "grossProfit": "1194536000", "totalRevenue": "4358558000", "costOfRevenue": "3164022000", "costofGoodsAndServicesSold": "3164022000", "operatingIncome": "847385000", "sellingGeneralAndAdministrative": "297020000", "researchAndDevelopment": "None", "operatingExpenses": "347151000", "investmentIncomeNet": "None", "netInterestIncome": "297000", "interestIncome": "412000", "interestExpense": "115000", "nonInterestIncome": "None", "otherNonOperatingIncome": "5603000", "depreciation": "None", "depreciationAndAmortization": "16930000", "incomeBeforeTax": "855917000", "incomeTaxExpense": "192653000", "interestAndDebtExpense": "None", "netIncomeFromContinuingOperations": "663264000", "comprehensiveIncomeNetOfTax": "None", "ebit": "856032000", "ebitda": "872962000", "netIncome": "663264000"}, {"fiscalDateEnding": "2021-09-30", "reportedCurrency": "USD", "grossProfit": "945658000", "totalRevenue": "3479050000", "costOfRevenue": "2533392000", "costofGoodsAndServicesSold": "2533392000", "operatingIncome": "621540000", "sellingGeneralAndAdministrative": "320506000", "researchAndDevelopment": "None", "operatingExpenses": "324118000", "investmentIncomeNet": "None", "netInterestIncome": "321000", "interestIncome": "436000", "interestExpense": "115000", "nonInterestIncome": "None", "otherNonOperatingIncome": "-4750000", "depreciation": "None", "depreciationAndAmortization": "17616000", "incomeBeforeTax": "620402000", "incomeTaxExpense": "144853000", "interestAndDebtExpense": "None", "netIncomeFromContinuingOperations": "475549000", "comprehensiveIncomeNetOfTax": "None", "ebit": "620517000", "ebitda": "638133000", "netIncome": "475549000"}, {"fiscalDateEnding": "2021-06-30", "reportedCurrency": "USD", "grossProfit": "912383000", "totalRevenue": "3359484000", "costOfRevenue": "2447101000", "costofGoodsAndServicesSold": "2447101000", "operatingIncome": "635129000", "sellingGeneralAndAdministrative": "272286000", "researchAndDevelopment": "None", "operatingExpenses": "277254000", "investmentIncomeNet": "None", "netInterestIncome": "335000", "interestIncome": "473000", "interestExpense": "138000", "nonInterestIncome": "None", "otherNonOperatingIncome": "-624000", "depreciation": "None", "depreciationAndAmortization": "18265000", "incomeBeforeTax": "639473000", "incomeTaxExpense": "136074000", "interestAndDebtExpense": "None", "netIncomeFromContinuingOperations": "503399000", "comprehensiveIncomeNetOfTax": "None", "ebit": "639611000", "ebitda": "657876000", "netIncome": "503399000"}, {"fiscalDateEnding": "2021-03-31", "reportedCurrency": "USD", "grossProfit": "729846000", "totalRevenue": "2729791000", "costOfRevenue": "1999945000", "costofGoodsAndServicesSold": "1999945000", "operatingIncome": "453168000", "sellingGeneralAndAdministrative": "271686000", "researchAndDevelopment": "None", "operatingExpenses": "276678000", "investmentIncomeNet": "None", "netInterestIncome": "496000", "interestIncome": "631000", "interestExpense": "135000", "nonInterestIncome": "None", "otherNonOperatingIncome": "-64108000", "depreciation": "None", "depreciationAndAmortization": "17142000", "incomeBeforeTax": "394052000", "incomeTaxExpense": "89945000", "interestAndDebtExpense": "None", "netIncomeFromContinuingOperations": "-1762286000", "comprehensiveIncomeNetOfTax": "None", "ebit": "394187000", "ebitda": "411329000", "netIncome": "304107000"}, {"fiscalDateEnding": "2020-12-31", "reportedCurrency": "USD", "grossProfit": "808941000", "totalRevenue": "3192364000", "costOfRevenue": "2383423000", "costofGoodsAndServicesSold": "2383423000", "operatingIncome": "524242000", "sellingGeneralAndAdministrative": "239356000", "researchAndDevelopment": "None", "operatingExpenses": "284699000", "investmentIncomeNet": "None", "netInterestIncome": "587000", "interestIncome": "813000", "interestExpense": "226000", "nonInterestIncome": "None", "otherNonOperatingIncome": "-5533000", "depreciation": "None", "depreciationAndAmortization": "17545000", "incomeBeforeTax": "523750000", "incomeTaxExpense": "85639000", "interestAndDebtExpense": "None", "netIncomeFromContinuingOperations": "6160102000", "comprehensiveIncomeNetOfTax": "None", "ebit": "523976000", "ebitda": "541521000", "netIncome": "438111000"}, {"fiscalDateEnding": "2020-09-30", "reportedCurrency": "USD", "grossProfit": "759907000", "totalRevenue": "2954957000", "costOfRevenue": "2195050000", "costofGoodsAndServicesSold": "2195050000", "operatingIncome": "483609000", "sellingGeneralAndAdministrative": "271257000", "researchAndDevelopment": "None", "operatingExpenses": "276298000", "investmentIncomeNet": "None", "netInterestIncome": "666000", "interestIncome": "891000", "interestExpense": "225000", "nonInterestIncome": "None", "otherNonOperatingIncome": "-4483000", "depreciation": "None", "depreciationAndAmortization": "16998000", "incomeBeforeTax": "484167000", "incomeTaxExpense": "67769000", "interestAndDebtExpense": "None", "netIncomeFromContinuingOperations": "-1735845000", "comprehensiveIncomeNetOfTax": "None", "ebit": "484392000", "ebitda": "501390000", "netIncome": "416398000"}, {"fiscalDateEnding": "2020-06-30", "reportedCurrency": "USD", "grossProfit": "659153000", "totalRevenue": "2593781000", "costOfRevenue": "1934628000", "costofGoodsAndServicesSold": "1934628000", "operatingIncome": "457250000", "sellingGeneralAndAdministrative": "196858000", "researchAndDevelopment": "None", "operatingExpenses": "201903000", "investmentIncomeNet": "None", "netInterestIncome": "-1674000", "interestIncome": "1326000", "interestExpense": "3000000", "nonInterestIncome": "None", "otherNonOperatingIncome": "-5286000", "depreciation": "None", "depreciationAndAmortization": "16389000", "incomeBeforeTax": "457009000", "incomeTaxExpense": "108389000", "interestAndDebtExpense": "None", "netIncomeFromContinuingOperations": "-1551630000", "comprehensiveIncomeNetOfTax": "None", "ebit": "460009000", "ebitda": "476398000", "netIncome": "348620000"}, {"fiscalDateEnding": "2020-03-31", "reportedCurrency": "USD", "grossProfit": "550152000", "totalRevenue": "2294980000", "costOfRevenue": "1744828000", "costofGoodsAndServicesSold": "1744828000", "operatingIncome": "281926000", "sellingGeneralAndAdministrative": "263669000", "researchAndDevelopment": "None", "operatingExpenses": "268226000", "investmentIncomeNet": "None", "netInterestIncome": "3010000", "interestIncome": "3807000", "interestExpense": "797000", "nonInterestIncome": "None", "otherNonOperatingIncome": "-2524000", "depreciation": "None", "depreciationAndAmortization": "15149000", "incomeBeforeTax": "263769000", "incomeTaxExpense": "60058000", "interestAndDebtExpense": "None", "netIncomeFromContinuingOperations": "-1465788000", "comprehensiveIncomeNetOfTax": "None", "ebit": "264566000", "ebitda": "279715000", "netIncome": "203711000"}, {"fiscalDateEnding": "2019-12-31", "reportedCurrency": "USD", "grossProfit": "701392000", "totalRevenue": "3016913000", "costOfRevenue": "2315521000", "costofGoodsAndServicesSold": "2315521000", "operatingIncome": "436246000", "sellingGeneralAndAdministrative": "207645000", "researchAndDevelopment": "None", "operatingExpenses": "265146000", "investmentIncomeNet": "None", "netInterestIncome": "3618000", "interestIncome": "3765000", "interestExpense": "147000", "nonInterestIncome": "None", "otherNonOperatingIncome": "-3896000", "depreciation": "None", "depreciationAndAmortization": "13697000", "incomeBeforeTax": "435951000", "incomeTaxExpense": "100153000", "interestAndDebtExpense": "None", "netIncomeFromContinuingOperations": "5740980000", "comprehensiveIncomeNetOfTax": "None", "ebit": "436098000", "ebitda": "449795000", "netIncome": "335798000"}, {"fiscalDateEnding": "2019-09-30", "reportedCurrency": "USD", "grossProfit": "641879000", "totalRevenue": "2710365000", "costOfRevenue": "2068486000", "costofGoodsAndServicesSold": "2068486000", "operatingIncome": "367654000", "sellingGeneralAndAdministrative": "270625000", "researchAndDevelopment": "None", "operatingExpenses": "274225000", "investmentIncomeNet": "None", "netInterestIncome": "3407000", "interestIncome": "3554000", "interestExpense": "147000", "nonInterestIncome": "None", "otherNonOperatingIncome": "-5108000", "depreciation": "None", "depreciationAndAmortization": "13805000", "incomeBeforeTax": "366146000", "incomeTaxExpense": "93042000", "interestAndDebtExpense": "None", "netIncomeFromContinuingOperations": "-1762868000", "comprehensiveIncomeNetOfTax": "None", "ebit": "366293000", "ebitda": "380098000", "netIncome": "273104000"}, {"fiscalDateEnding": "2019-06-30", "reportedCurrency": "USD", "grossProfit": "583715000", "totalRevenue": "2488985000", "costOfRevenue": "1905270000", "costofGoodsAndServicesSold": "1905270000", "operatingIncome": "320725000", "sellingGeneralAndAdministrative": "259440000", "researchAndDevelopment": "None", "operatingExpenses": "262990000", "investmentIncomeNet": "None", "netInterestIncome": "4325000", "interestIncome": "4471000", "interestExpense": "146000", "nonInterestIncome": "None", "otherNonOperatingIncome": "-3499000", "depreciation": "None", "depreciationAndAmortization": "13287000", "incomeBeforeTax": "320776000", "incomeTaxExpense": "79735000", "interestAndDebtExpense": "None", "netIncomeFromContinuingOperations": "-1633328000", "comprehensiveIncomeNetOfTax": "None", "ebit": "320922000", "ebitda": "334209000", "netIncome": "241041000"}, {"fiscalDateEnding": "2019-03-31", "reportedCurrency": "USD", "grossProfit": "470403000", "totalRevenue": "1996693000", "costOfRevenue": "1526290000", "costofGoodsAndServicesSold": "1526290000", "operatingIncome": "214226000", "sellingGeneralAndAdministrative": "252727000", "researchAndDevelopment": "None", "operatingExpenses": "256177000", "investmentIncomeNet": "None", "netInterestIncome": "4805000", "interestIncome": "4949000", "interestExpense": "144000", "nonInterestIncome": "None", "otherNonOperatingIncome": "-973000", "depreciation": "None", "depreciationAndAmortization": "13210000", "incomeBeforeTax": "216703000", "incomeTaxExpense": "49946000", "interestAndDebtExpense": "None", "netIncomeFromContinuingOperations": "-1328084000", "comprehensiveIncomeNetOfTax": "None", "ebit": "216847000", "ebitda": "230057000", "netIncome": "166757000"}, {"fiscalDateEnding": "2018-12-31", "reportedCurrency": "USD", "grossProfit": "628904000", "totalRevenue": "2999150000", "costOfRevenue": "2370246000", "costofGoodsAndServicesSold": "2370246000", "operatingIncome": "333137000", "sellingGeneralAndAdministrative": "241318000", "researchAndDevelopment": "0", "operatingExpenses": "295767000", "investmentIncomeNet": "None", "netInterestIncome": "None", "interestIncome": "None", "interestExpense": "158000", "nonInterestIncome": "None", "otherNonOperatingIncome": "-7097000", "depreciation": "None", "depreciationAndAmortization": "12712000", "incomeBeforeTax": "329491000", "incomeTaxExpense": "91842000", "interestAndDebtExpense": "None", "netIncomeFromContinuingOperations": "237648000", "comprehensiveIncomeNetOfTax": "None", "ebit": "329649000", "ebitda": "342361000", "netIncome": "237649000"}, {"fiscalDateEnding": "2018-09-30", "reportedCurrency": "USD", "grossProfit": "640933000", "totalRevenue": "2649366000", "costOfRevenue": "2008433000", "costofGoodsAndServicesSold": "2008433000", "operatingIncome": "384726000", "sellingGeneralAndAdministrative": "252757000", "researchAndDevelopment": "0", "operatingExpenses": "256207000", "investmentIncomeNet": "None", "netInterestIncome": "None", "interestIncome": "None", "interestExpense": "152000", "nonInterestIncome": "None", "otherNonOperatingIncome": "-3488000", "depreciation": "None", "depreciationAndAmortization": "12556000", "incomeBeforeTax": "384688000", "incomeTaxExpense": "95153000", "interestAndDebtExpense": "None", "netIncomeFromContinuingOperations": "289535000", "comprehensiveIncomeNetOfTax": "None", "ebit": "384840000", "ebitda": "397396000", "netIncome": "289535000"}, {"fiscalDateEnding": "2018-06-30", "reportedCurrency": "USD", "grossProfit": "637182000", "totalRevenue": "2569722000", "costOfRevenue": "1932540000", "costofGoodsAndServicesSold": "1932540000", "operatingIncome": "407676000", "sellingGeneralAndAdministrative": "226056000", "researchAndDevelopment": "0", "operatingExpenses": "229506000", "investmentIncomeNet": "None", "netInterestIncome": "None", "interestIncome": "None", "interestExpense": "165000", "nonInterestIncome": "None", "otherNonOperatingIncome": "-1956000", "depreciation": "None", "depreciationAndAmortization": "12271000", "incomeBeforeTax": "409170000", "incomeTaxExpense": "85081000", "interestAndDebtExpense": "None", "netIncomeFromContinuingOperations": "324089000", "comprehensiveIncomeNetOfTax": "None", "ebit": "409335000", "ebitda": "421606000", "netIncome": "324089000"}, {"fiscalDateEnding": "2018-03-31", "reportedCurrency": "USD", "grossProfit": "466392000", "totalRevenue": "1970093000", "costOfRevenue": "1503701000", "costofGoodsAndServicesSold": "1503701000", "operatingIncome": "222049000", "sellingGeneralAndAdministrative": "240893000", "researchAndDevelopment": "0", "operatingExpenses": "244343000", "investmentIncomeNet": "None", "netInterestIncome": "None", "interestIncome": "None", "interestExpense": "143000", "nonInterestIncome": "None", "otherNonOperatingIncome": "-1308000", "depreciation": "None", "depreciationAndAmortization": "11890000", "incomeBeforeTax": "224191000", "incomeTaxExpense": "53440000", "interestAndDebtExpense": "None", "netIncomeFromContinuingOperations": "170751000", "comprehensiveIncomeNetOfTax": "None", "ebit": "224334000", "ebitda": "236224000", "netIncome": "170751000"}, {"fiscalDateEnding": "2017-12-31", "reportedCurrency": "USD", "grossProfit": "612987000", "totalRevenue": "2793556000", "costOfRevenue": "2180569000", "costofGoodsAndServicesSold": "2180569000", "operatingIncome": "407930000", "sellingGeneralAndAdministrative": "156607000", "researchAndDevelopment": "0", "operatingExpenses": "205057000", "investmentIncomeNet": "None", "netInterestIncome": "None", "interestIncome": "None", "interestExpense": "132000", "nonInterestIncome": "None", "otherNonOperatingIncome": "-2612000", "depreciation": "None", "depreciationAndAmortization": "12309000", "incomeBeforeTax": "408767000", "incomeTaxExpense": "331352000", "interestAndDebtExpense": "None", "netIncomeFromContinuingOperations": "77415000", "comprehensiveIncomeNetOfTax": "None", "ebit": "408898000", "ebitda": "421207000", "netIncome": "77415000"}, {"fiscalDateEnding": "2017-09-30", "reportedCurrency": "USD", "grossProfit": "512026000", "totalRevenue": "2131058000", "costOfRevenue": "1619032000", "costofGoodsAndServicesSold": "1619032000", "operatingIncome": "271081000", "sellingGeneralAndAdministrative": "237495000", "researchAndDevelopment": "0", "operatingExpenses": "240945000", "investmentIncomeNet": "None", "netInterestIncome": "None", "interestIncome": "None", "interestExpense": "101000", "nonInterestIncome": "None", "otherNonOperatingIncome": "-5243000", "depreciation": "None", "depreciationAndAmortization": "12666000", "incomeBeforeTax": "268249000", "incomeTaxExpense": "90710000", "interestAndDebtExpense": "None", "netIncomeFromContinuingOperations": "177539000", "comprehensiveIncomeNetOfTax": "None", "ebit": "268350000", "ebitda": "281016000", "netIncome": "177539000"}, {"fiscalDateEnding": "2017-06-30", "reportedCurrency": "USD", "grossProfit": "355846000", "totalRevenue": "2021860000", "costOfRevenue": "1666014000", "costofGoodsAndServicesSold": "1666014000", "operatingIncome": "136185000", "sellingGeneralAndAdministrative": "216211000", "researchAndDevelopment": "0", "operatingExpenses": "219661000", "investmentIncomeNet": "None", "netInterestIncome": "None", "interestIncome": "None", "interestExpense": "134000", "nonInterestIncome": "None", "otherNonOperatingIncome": "-16074000", "depreciation": "None", "depreciationAndAmortization": "12814000", "incomeBeforeTax": "122547000", "incomeTaxExpense": "21798000", "interestAndDebtExpense": "None", "netIncomeFromContinuingOperations": "100749000", "comprehensiveIncomeNetOfTax": "None", "ebit": "122681000", "ebitda": "135495000", "netIncome": "100749000"}, {"fiscalDateEnding": "2017-03-31", "reportedCurrency": "USD", "grossProfit": "380605000", "totalRevenue": "1629878000", "costOfRevenue": "1249273000", "costofGoodsAndServicesSold": "1249273000", "operatingIncome": "140887000", "sellingGeneralAndAdministrative": "236268000", "researchAndDevelopment": "0", "operatingExpenses": "239718000", "investmentIncomeNet": "None", "netInterestIncome": "None", "interestIncome": "None", "interestExpense": "137000", "nonInterestIncome": "None", "otherNonOperatingIncome": "-4022000", "depreciation": "None", "depreciationAndAmortization": "13209000", "incomeBeforeTax": "139265000", "incomeTaxExpense": "47747000", "interestAndDebtExpense": "None", "netIncomeFromContinuingOperations": "91518000", "comprehensiveIncomeNetOfTax": "None", "ebit": "139402000", "ebitda": "152611000", "netIncome": "91518000"}, {"fiscalDateEnding": "2016-12-31", "reportedCurrency": "USD", "grossProfit": "810929000", "totalRevenue": "2493079000", "costOfRevenue": "1682150000", "costofGoodsAndServicesSold": "1682150000", "operatingIncome": "416684000", "sellingGeneralAndAdministrative": "156947000", "researchAndDevelopment": "0", "operatingExpenses": "394245000", "investmentIncomeNet": "None", "netInterestIncome": "None", "interestIncome": "None", "interestExpense": "160000", "nonInterestIncome": "None", "otherNonOperatingIncome": "-6414000", "depreciation": "None", "depreciationAndAmortization": "13789000", "incomeBeforeTax": "413721000", "incomeTaxExpense": "140549000", "interestAndDebtExpense": "None", "netIncomeFromContinuingOperations": "273173000", "comprehensiveIncomeNetOfTax": "None", "ebit": "413882000", "ebitda": "427671000", "netIncome": "273172000"}, {"fiscalDateEnding": "2016-09-30", "reportedCurrency": "USD", "grossProfit": "486866000", "totalRevenue": "1942905000", "costOfRevenue": "1456039000", "costofGoodsAndServicesSold": "1456039000", "operatingIncome": "232502000", "sellingGeneralAndAdministrative": "183008000", "researchAndDevelopment": "0", "operatingExpenses": "254364000", "investmentIncomeNet": "None", "netInterestIncome": "None", "interestIncome": "None", "interestExpense": "165000", "nonInterestIncome": "None", "otherNonOperatingIncome": "-23617000", "depreciation": "None", "depreciationAndAmortization": "13513000", "incomeBeforeTax": "212335000", "incomeTaxExpense": "83865000", "interestAndDebtExpense": "None", "netIncomeFromContinuingOperations": "128470000", "comprehensiveIncomeNetOfTax": "None", "ebit": "212500000", "ebitda": "226013000", "netIncome": "128470000"}, {"fiscalDateEnding": "2016-06-30", "reportedCurrency": "USD", "grossProfit": "458762000", "totalRevenue": "1799914000", "costOfRevenue": "1341152000", "costofGoodsAndServicesSold": "1341152000", "operatingIncome": "199039000", "sellingGeneralAndAdministrative": "192333000", "researchAndDevelopment": "0", "operatingExpenses": "259723000", "investmentIncomeNet": "None", "netInterestIncome": "None", "interestIncome": "None", "interestExpense": "186000", "nonInterestIncome": "None", "otherNonOperatingIncome": "-12909000", "depreciation": "None", "depreciationAndAmortization": "13592000", "incomeBeforeTax": "189580000", "incomeTaxExpense": "71820000", "interestAndDebtExpense": "None", "netIncomeFromContinuingOperations": "117760000", "comprehensiveIncomeNetOfTax": "None", "ebit": "189766000", "ebitda": "203358000", "netIncome": "117760000"}, {"fiscalDateEnding": "2016-03-31", "reportedCurrency": "USD", "grossProfit": "366403000", "totalRevenue": "1432578000", "costOfRevenue": "1066175000", "costofGoodsAndServicesSold": "1066175000", "operatingIncome": "120637000", "sellingGeneralAndAdministrative": "191015000", "researchAndDevelopment": "0", "operatingExpenses": "245766000", "investmentIncomeNet": "None", "netInterestIncome": "None", "interestIncome": "None", "interestExpense": "174000", "nonInterestIncome": "None", "otherNonOperatingIncome": "-5874000", "depreciation": "None", "depreciationAndAmortization": "13113000", "incomeBeforeTax": "118213000", "incomeTaxExpense": "34913000", "interestAndDebtExpense": "None", "netIncomeFromContinuingOperations": "83300000", "comprehensiveIncomeNetOfTax": "None", "ebit": "118387000", "ebitda": "131500000", "netIncome": "83300000"}, {"fiscalDateEnding": "2015-12-31", "reportedCurrency": "USD", "grossProfit": "506030000", "totalRevenue": "2061628000", "costOfRevenue": "1555598000", "costofGoodsAndServicesSold": "1555598000", "operatingIncome": "363818000", "sellingGeneralAndAdministrative": "93690000", "researchAndDevelopment": "0", "operatingExpenses": "142212000", "investmentIncomeNet": "None", "netInterestIncome": "None", "interestIncome": "None", "interestExpense": "190000", "nonInterestIncome": "None", "otherNonOperatingIncome": "5675000", "depreciation": "None", "depreciationAndAmortization": "12503000", "incomeBeforeTax": "373315000", "incomeTaxExpense": "145288000", "interestAndDebtExpense": "None", "netIncomeFromContinuingOperations": "228026000", "comprehensiveIncomeNetOfTax": "None", "ebit": "373508000", "ebitda": "386011000", "netIncome": "228027000"}, {"fiscalDateEnding": "2015-09-30", "reportedCurrency": "USD", "grossProfit": "359970000", "totalRevenue": "1506747000", "costOfRevenue": "1146777000", "costofGoodsAndServicesSold": "1146777000", "operatingIncome": "197384000", "sellingGeneralAndAdministrative": "159361000", "researchAndDevelopment": "0", "operatingExpenses": "162586000", "investmentIncomeNet": "None", "netInterestIncome": "None", "interestIncome": "None", "interestExpense": "203000", "nonInterestIncome": "None", "otherNonOperatingIncome": "-21130000", "depreciation": "None", "depreciationAndAmortization": "11866000", "incomeBeforeTax": "179276000", "incomeTaxExpense": "71507000", "interestAndDebtExpense": "None", "netIncomeFromContinuingOperations": "107769000", "comprehensiveIncomeNetOfTax": "None", "ebit": "179479000", "ebitda": "191345000", "netIncome": "107769000"}, {"fiscalDateEnding": "2015-06-30", "reportedCurrency": "USD", "grossProfit": "300932000", "totalRevenue": "1280291000", "costOfRevenue": "979359000", "costofGoodsAndServicesSold": "979359000", "operatingIncome": "167588000", "sellingGeneralAndAdministrative": "130119000", "researchAndDevelopment": "0", "operatingExpenses": "133344000", "investmentIncomeNet": "None", "netInterestIncome": "None", "interestIncome": "None", "interestExpense": "208000", "nonInterestIncome": "None", "otherNonOperatingIncome": "-2978000", "depreciation": "None", "depreciationAndAmortization": "10791000", "incomeBeforeTax": "167627000", "incomeTaxExpense": "64303000", "interestAndDebtExpense": "None", "netIncomeFromContinuingOperations": "103324000", "comprehensiveIncomeNetOfTax": "None", "ebit": "167835000", "ebitda": "178626000", "netIncome": "103324000"}, {"fiscalDateEnding": "2015-03-31", "reportedCurrency": "USD", "grossProfit": "256234000", "totalRevenue": "1133298000", "costOfRevenue": "877064000", "costofGoodsAndServicesSold": "877064000", "operatingIncome": "91697000", "sellingGeneralAndAdministrative": "161312000", "researchAndDevelopment": "0", "operatingExpenses": "164537000", "investmentIncomeNet": "None", "netInterestIncome": "None", "interestIncome": "None", "interestExpense": "187000", "nonInterestIncome": "None", "otherNonOperatingIncome": "1070000", "depreciation": "None", "depreciationAndAmortization": "11062000", "incomeBeforeTax": "95805000", "incomeTaxExpense": "40834000", "interestAndDebtExpense": "None", "netIncomeFromContinuingOperations": "54971000", "comprehensiveIncomeNetOfTax": "None", "ebit": "95992000", "ebitda": "107054000", "netIncome": "54971000"}, {"fiscalDateEnding": "2014-12-31", "reportedCurrency": "USD", "grossProfit": "424427000", "totalRevenue": "1822558000", "costOfRevenue": "1398131000", "costofGoodsAndServicesSold": "1398131000", "operatingIncome": "275178000", "sellingGeneralAndAdministrative": "104224000", "researchAndDevelopment": "0", "operatingExpenses": "149249000", "investmentIncomeNet": "None", "netInterestIncome": "None", "interestIncome": "None", "interestExpense": "224000", "nonInterestIncome": "None", "otherNonOperatingIncome": "-11058000", "depreciation": "None", "depreciationAndAmortization": "11000000", "incomeBeforeTax": "267120000", "incomeTaxExpense": "50025000", "interestAndDebtExpense": "None", "netIncomeFromContinuingOperations": "217094000", "comprehensiveIncomeNetOfTax": "None", "ebit": "267345000", "ebitda": "278345000", "netIncome": "217095000"}, {"fiscalDateEnding": "2014-09-30", "reportedCurrency": "USD", "grossProfit": "373194000", "totalRevenue": "1594725000", "costOfRevenue": "1221531000", "costofGoodsAndServicesSold": "1221531000", "operatingIncome": "222800000", "sellingGeneralAndAdministrative": "147136000", "researchAndDevelopment": "0", "operatingExpenses": "150394000", "investmentIncomeNet": "None", "netInterestIncome": "None", "interestIncome": "None", "interestExpense": "210000", "nonInterestIncome": "None", "otherNonOperatingIncome": "-920000", "depreciation": "None", "depreciationAndAmortization": "9960000", "incomeBeforeTax": "224928000", "incomeTaxExpense": "84383000", "interestAndDebtExpense": "None", "netIncomeFromContinuingOperations": "140545000", "comprehensiveIncomeNetOfTax": "None", "ebit": "225138000", "ebitda": "235098000", "netIncome": "140545000"}, {"fiscalDateEnding": "2014-06-30", "reportedCurrency": "USD", "grossProfit": "304549000", "totalRevenue": "1286187000", "costOfRevenue": "981638000", "costofGoodsAndServicesSold": "981638000", "operatingIncome": "71507000", "sellingGeneralAndAdministrative": "229767000", "researchAndDevelopment": "0", "operatingExpenses": "233042000", "investmentIncomeNet": "None", "netInterestIncome": "None", "interestIncome": "None", "interestExpense": "203000", "nonInterestIncome": "None", "otherNonOperatingIncome": "-6898000", "depreciation": "None", "depreciationAndAmortization": "13234000", "incomeBeforeTax": "67681000", "incomeTaxExpense": "25801000", "interestAndDebtExpense": "None", "netIncomeFromContinuingOperations": "41880000", "comprehensiveIncomeNetOfTax": "None", "ebit": "64612000", "ebitda": "77846000", "netIncome": "41880000"}, {"fiscalDateEnding": "2014-03-31", "reportedCurrency": "USD", "grossProfit": "281958000", "totalRevenue": "1118894000", "costOfRevenue": "836936000", "costofGoodsAndServicesSold": "836936000", "operatingIncome": "133796000", "sellingGeneralAndAdministrative": "144887000", "researchAndDevelopment": "0", "operatingExpenses": "148162000", "investmentIncomeNet": "None", "netInterestIncome": "None", "interestIncome": "None", "interestExpense": "213000", "nonInterestIncome": "None", "otherNonOperatingIncome": "-6829000", "depreciation": "None", "depreciationAndAmortization": "8942000", "incomeBeforeTax": "130029000", "incomeTaxExpense": "55210000", "interestAndDebtExpense": "None", "netIncomeFromContinuingOperations": "74819000", "comprehensiveIncomeNetOfTax": "None", "ebit": "130242000", "ebitda": "139184000", "netIncome": "74819000"}, {"fiscalDateEnding": "2013-12-31", "reportedCurrency": "USD", "grossProfit": "381959000", "totalRevenue": "1655339000", "costOfRevenue": "1273380000", "costofGoodsAndServicesSold": "1273380000", "operatingIncome": "228978000", "sellingGeneralAndAdministrative": "149706000", "researchAndDevelopment": "0", "operatingExpenses": "152981000", "investmentIncomeNet": "None", "netInterestIncome": "None", "interestIncome": "None", "interestExpense": "168000", "nonInterestIncome": "None", "otherNonOperatingIncome": "335000", "depreciation": "None", "depreciationAndAmortization": "8453000", "incomeBeforeTax": "232420000", "incomeTaxExpense": "12367000", "interestAndDebtExpense": "None", "netIncomeFromContinuingOperations": "220053000", "comprehensiveIncomeNetOfTax": "None", "ebit": "232588000", "ebitda": "241041000", "netIncome": "220053000"}, {"fiscalDateEnding": "2013-09-30", "reportedCurrency": "USD", "grossProfit": "328764000", "totalRevenue": "1582078000", "costOfRevenue": "1253314000", "costofGoodsAndServicesSold": "1253314000", "operatingIncome": "186852000", "sellingGeneralAndAdministrative": "138637000", "researchAndDevelopment": "0", "operatingExpenses": "141912000", "investmentIncomeNet": "None", "netInterestIncome": "None", "interestIncome": "None", "interestExpense": "171000", "nonInterestIncome": "None", "otherNonOperatingIncome": "-15234000", "depreciation": "None", "depreciationAndAmortization": "8050000", "incomeBeforeTax": "174722000", "incomeTaxExpense": "-2107162000", "interestAndDebtExpense": "None", "netIncomeFromContinuingOperations": "2281884000", "comprehensiveIncomeNetOfTax": "None", "ebit": "174893000", "ebitda": "182943000", "netIncome": "2281884000"}, {"fiscalDateEnding": "2013-06-30", "reportedCurrency": "USD", "grossProfit": "244859000", "totalRevenue": "1279422000", "costOfRevenue": "1034563000", "costofGoodsAndServicesSold": "1034563000", "operatingIncome": "91053000", "sellingGeneralAndAdministrative": "150531000", "researchAndDevelopment": "0", "operatingExpenses": "153806000", "investmentIncomeNet": "None", "netInterestIncome": "None", "interestIncome": "None", "interestExpense": "166000", "nonInterestIncome": "None", "otherNonOperatingIncome": "-55832000", "depreciation": "None", "depreciationAndAmortization": "7745000", "incomeBeforeTax": "38330000", "incomeTaxExpense": "1913000", "interestAndDebtExpense": "None", "netIncomeFromContinuingOperations": "36417000", "comprehensiveIncomeNetOfTax": "None", "ebit": "38496000", "ebitda": "46241000", "netIncome": "36417000"}, {"fiscalDateEnding": "2013-03-31", "reportedCurrency": "USD", "grossProfit": "216680000", "totalRevenue": "1162756000", "costOfRevenue": "946076000", "costofGoodsAndServicesSold": "946076000", "operatingIncome": "83779000", "sellingGeneralAndAdministrative": "129626000", "researchAndDevelopment": "0", "operatingExpenses": "132901000", "investmentIncomeNet": "None", "netInterestIncome": "None", "interestIncome": "None", "interestExpense": "207000", "nonInterestIncome": "None", "otherNonOperatingIncome": "-4497000", "depreciation": "None", "depreciationAndAmortization": "7339000", "incomeBeforeTax": "82350000", "incomeTaxExpense": "588000", "interestAndDebtExpense": "None", "netIncomeFromContinuingOperations": "81762000", "comprehensiveIncomeNetOfTax": "None", "ebit": "82557000", "ebitda": "89896000", "netIncome": "81762000"}, {"fiscalDateEnding": "2012-12-31", "reportedCurrency": "USD", "grossProfit": "233356000", "totalRevenue": "1566966000", "costOfRevenue": "1333610000", "costofGoodsAndServicesSold": "1333610000", "operatingIncome": "88315000", "sellingGeneralAndAdministrative": "141766000", "researchAndDevelopment": "0", "operatingExpenses": "145041000", "investmentIncomeNet": "None", "netInterestIncome": "None", "interestIncome": "None", "interestExpense": "204000", "nonInterestIncome": "None", "otherNonOperatingIncome": "-40174000", "depreciation": "None", "depreciationAndAmortization": "7749000", "incomeBeforeTax": "51213000", "incomeTaxExpense": "-7529000", "interestAndDebtExpense": "None", "netIncomeFromContinuingOperations": "58742000", "comprehensiveIncomeNetOfTax": "None", "ebit": "51416000", "ebitda": "59165000", "netIncome": "58742000"}, {"fiscalDateEnding": "2012-09-30", "reportedCurrency": "USD", "grossProfit": "237248000", "totalRevenue": "1302591000", "costOfRevenue": "1065343000", "costofGoodsAndServicesSold": "1065343000", "operatingIncome": "108782000", "sellingGeneralAndAdministrative": "125191000", "researchAndDevelopment": "0", "operatingExpenses": "128466000", "investmentIncomeNet": "None", "netInterestIncome": "None", "interestIncome": "None", "interestExpense": "201000", "nonInterestIncome": "None", "otherNonOperatingIncome": "-5950000", "depreciation": "None", "depreciationAndAmortization": "7450000", "incomeBeforeTax": "105906000", "incomeTaxExpense": "-10727000", "interestAndDebtExpense": "None", "netIncomeFromContinuingOperations": "116633000", "comprehensiveIncomeNetOfTax": "None", "ebit": "106107000", "ebitda": "113557000", "netIncome": "116633000"}, {"fiscalDateEnding": "2012-06-30", "reportedCurrency": "USD", "grossProfit": "172088000", "totalRevenue": "1069405000", "costOfRevenue": "897317000", "costofGoodsAndServicesSold": "897317000", "operatingIncome": "44627000", "sellingGeneralAndAdministrative": "124186000", "researchAndDevelopment": "0", "operatingExpenses": "127461000", "investmentIncomeNet": "None", "netInterestIncome": "None", "interestIncome": "None", "interestExpense": "198000", "nonInterestIncome": "None", "otherNonOperatingIncome": "-7778000", "depreciation": "None", "depreciationAndAmortization": "7435000", "incomeBeforeTax": "39926000", "incomeTaxExpense": "-2510000", "interestAndDebtExpense": "None", "netIncomeFromContinuingOperations": "42436000", "comprehensiveIncomeNetOfTax": "None", "ebit": "40124000", "ebitda": "47559000", "netIncome": "42436000"}, {"fiscalDateEnding": "2012-03-31", "reportedCurrency": "USD", "grossProfit": "113464000", "totalRevenue": "881036000", "costOfRevenue": "767572000", "costofGoodsAndServicesSold": "767572000", "operatingIncome": "-13125000", "sellingGeneralAndAdministrative": "123314000", "researchAndDevelopment": "0", "operatingExpenses": "126589000", "investmentIncomeNet": "None", "netInterestIncome": "None", "interestIncome": "None", "interestExpense": "217000", "nonInterestIncome": "None", "otherNonOperatingIncome": "-3424000", "depreciation": "None", "depreciationAndAmortization": "7393000", "incomeBeforeTax": "-13491000", "incomeTaxExpense": "-1825000", "interestAndDebtExpense": "None", "netIncomeFromContinuingOperations": "-11666000", "comprehensiveIncomeNetOfTax": "None", "ebit": "-13274000", "ebitda": "-5881000", "netIncome": "-11666000"}, {"fiscalDateEnding": "2011-12-31", "reportedCurrency": "USD", "grossProfit": "124084000", "totalRevenue": "1262345000", "costOfRevenue": "1138261000", "costofGoodsAndServicesSold": "1138261000", "operatingIncome": "34533000", "sellingGeneralAndAdministrative": "117147000", "researchAndDevelopment": "0", "operatingExpenses": "89551000", "investmentIncomeNet": "None", "netInterestIncome": "None", "interestIncome": "None", "interestExpense": "323000", "nonInterestIncome": "None", "otherNonOperatingIncome": "-15689000", "depreciation": "None", "depreciationAndAmortization": "7469000", "incomeBeforeTax": "-9075000", "incomeTaxExpense": "-22896000", "interestAndDebtExpense": "None", "netIncomeFromContinuingOperations": "13821000", "comprehensiveIncomeNetOfTax": "None", "ebit": "-8752000", "ebitda": "-1283000", "netIncome": "13821000"}, {"fiscalDateEnding": "2011-09-30", "reportedCurrency": "USD", "grossProfit": "177743000", "totalRevenue": "1141931000", "costOfRevenue": "964188000", "costofGoodsAndServicesSold": "964188000", "operatingIncome": "52915000", "sellingGeneralAndAdministrative": "121610000", "researchAndDevelopment": "0", "operatingExpenses": "124828000", "investmentIncomeNet": "None", "netInterestIncome": "None", "interestIncome": "None", "interestExpense": "322000", "nonInterestIncome": "None", "otherNonOperatingIncome": "-258368000", "depreciation": "None", "depreciationAndAmortization": "7656000", "incomeBeforeTax": "-202500000", "incomeTaxExpense": "-73202000", "interestAndDebtExpense": "None", "netIncomeFromContinuingOperations": "-129298000", "comprehensiveIncomeNetOfTax": "None", "ebit": "-202178000", "ebitda": "-194522000", "netIncome": "-129298000"}, {"fiscalDateEnding": "2011-06-30", "reportedCurrency": "USD", "grossProfit": "94694000", "totalRevenue": "927212000", "costOfRevenue": "832518000", "costofGoodsAndServicesSold": "832518000", "operatingIncome": "-46961000", "sellingGeneralAndAdministrative": "138380000", "researchAndDevelopment": "0", "operatingExpenses": "141655000", "investmentIncomeNet": "None", "netInterestIncome": "None", "interestIncome": "None", "interestExpense": "317000", "nonInterestIncome": "None", "otherNonOperatingIncome": "-9330000", "depreciation": "None", "depreciationAndAmortization": "8003000", "incomeBeforeTax": "-53333000", "incomeTaxExpense": "2052000", "interestAndDebtExpense": "None", "netIncomeFromContinuingOperations": "-55385000", "comprehensiveIncomeNetOfTax": "None", "ebit": "-53016000", "ebitda": "-45013000", "netIncome": "-55385000"}, {"fiscalDateEnding": "2011-03-31", "reportedCurrency": "USD", "grossProfit": "98769000", "totalRevenue": "805202000", "costOfRevenue": "706433000", "costofGoodsAndServicesSold": "706433000", "operatingIncome": "-46952000", "sellingGeneralAndAdministrative": "142446000", "researchAndDevelopment": "0", "operatingExpenses": "145721000", "investmentIncomeNet": "None", "netInterestIncome": "None", "interestIncome": "None", "interestExpense": "351000", "nonInterestIncome": "None", "otherNonOperatingIncome": "-1364000", "depreciation": "None", "depreciationAndAmortization": "8970000", "incomeBeforeTax": "-45392000", "incomeTaxExpense": "-5866000", "interestAndDebtExpense": "None", "netIncomeFromContinuingOperations": "-39526000", "comprehensiveIncomeNetOfTax": "None", "ebit": "-45041000", "ebitda": "-36071000", "netIncome": "-39526000"}, {"fiscalDateEnding": "2010-12-31", "reportedCurrency": "USD", "grossProfit": "26290000", "totalRevenue": "1185270000", "costOfRevenue": "1158980000", "costofGoodsAndServicesSold": "1158980000", "operatingIncome": "-124448000", "sellingGeneralAndAdministrative": "150738000", "researchAndDevelopment": "0", "operatingExpenses": "150738000", "investmentIncomeNet": "None", "netInterestIncome": "None", "interestIncome": "None", "interestExpense": "440000", "nonInterestIncome": "None", "otherNonOperatingIncome": "None", "depreciation": "None", "depreciationAndAmortization": "10730000", "incomeBeforeTax": "-190475000", "incomeTaxExpense": "-25047000", "interestAndDebtExpense": "None", "netIncomeFromContinuingOperations": "0", "comprehensiveIncomeNetOfTax": "None", "ebit": "-190035000", "ebitda": "-179305000", "netIncome": "-165428000"}, {"fiscalDateEnding": "2010-09-30", "reportedCurrency": "USD", "grossProfit": "76677000", "totalRevenue": "1057764000", "costOfRevenue": "981087000", "costofGoodsAndServicesSold": "981087000", "operatingIncome": "-365889000", "sellingGeneralAndAdministrative": "425643000", "researchAndDevelopment": "0", "operatingExpenses": "442566000", "investmentIncomeNet": "None", "netInterestIncome": "None", "interestIncome": "None", "interestExpense": "50076000", "nonInterestIncome": "None", "otherNonOperatingIncome": "-645361000", "depreciation": "None", "depreciationAndAmortization": "10574000", "incomeBeforeTax": "-1023837000", "incomeTaxExpense": "-28721000", "interestAndDebtExpense": "None", "netIncomeFromContinuingOperations": "-995116000", "comprehensiveIncomeNetOfTax": "None", "ebit": "-1023048000", "ebitda": "-1012474000", "netIncome": "-995116000"}, {"fiscalDateEnding": "2010-06-30", "reportedCurrency": "USD", "grossProfit": "154107000", "totalRevenue": "1305898000", "costOfRevenue": "1151791000", "costofGoodsAndServicesSold": "1151791000", "operatingIncome": "-3308000", "sellingGeneralAndAdministrative": "157415000", "researchAndDevelopment": "0", "operatingExpenses": "157415000", "investmentIncomeNet": "None", "netInterestIncome": "None", "interestIncome": "None", "interestExpense": "1018000", "nonInterestIncome": "None", "otherNonOperatingIncome": "-1400000", "depreciation": "None", "depreciationAndAmortization": "11470000", "incomeBeforeTax": "-5726000", "incomeTaxExpense": "-82029000", "interestAndDebtExpense": "None", "netIncomeFromContinuingOperations": "76303000", "comprehensiveIncomeNetOfTax": "None", "ebit": "-4708000", "ebitda": "6762000", "netIncome": "76303000"}, {"fiscalDateEnding": "2010-03-31", "reportedCurrency": "USD", "grossProfit": "136154000", "totalRevenue": "1020358000", "costOfRevenue": "884204000", "costofGoodsAndServicesSold": "884204000", "operatingIncome": "-25152000", "sellingGeneralAndAdministrative": "161306000", "researchAndDevelopment": "0", "operatingExpenses": "161306000", "investmentIncomeNet": "None", "netInterestIncome": "None", "interestIncome": "None", "interestExpense": "482000", "nonInterestIncome": "None", "otherNonOperatingIncome": "None", "depreciation": "None", "depreciationAndAmortization": "12886000", "incomeBeforeTax": "-14508000", "incomeTaxExpense": "-2020000", "interestAndDebtExpense": "None", "netIncomeFromContinuingOperations": "0", "comprehensiveIncomeNetOfTax": "None", "ebit": "-14026000", "ebitda": "-1140000", "netIncome": "-12488000"}, {"fiscalDateEnding": "2009-12-31", "reportedCurrency": "USD", "grossProfit": "-107534000", "totalRevenue": "1730823000", "costOfRevenue": "1838357000", "costofGoodsAndServicesSold": "1838357000", "operatingIncome": "-309608000", "sellingGeneralAndAdministrative": "55926000", "researchAndDevelopment": "0", "operatingExpenses": "202074000", "investmentIncomeNet": "None", "netInterestIncome": "None", "interestIncome": "None", "interestExpense": "917000", "nonInterestIncome": "None", "otherNonOperatingIncome": "None", "depreciation": "None", "depreciationAndAmortization": "14904000", "incomeBeforeTax": "-917225000", "incomeTaxExpense": "-800328000", "interestAndDebtExpense": "None", "netIncomeFromContinuingOperations": "0", "comprehensiveIncomeNetOfTax": "None", "ebit": "-916308000", "ebitda": "-901404000", "netIncome": "-116897000"}, {"fiscalDateEnding": "2009-09-30", "reportedCurrency": "USD", "grossProfit": "-44575000", "totalRevenue": "1091094000", "costOfRevenue": "1135669000", "costofGoodsAndServicesSold": "1135669000", "operatingIncome": "-266113000", "sellingGeneralAndAdministrative": "221538000", "researchAndDevelopment": "0", "operatingExpenses": "221538000", "investmentIncomeNet": "None", "netInterestIncome": "None", "interestIncome": "None", "interestExpense": "431000", "nonInterestIncome": "None", "otherNonOperatingIncome": "None", "depreciation": "None", "depreciationAndAmortization": "14539000", "incomeBeforeTax": "-358719000", "incomeTaxExpense": "2668000", "interestAndDebtExpense": "None", "netIncomeFromContinuingOperations": "0", "comprehensiveIncomeNetOfTax": "None", "ebit": "-358288000", "ebitda": "-343749000", "netIncome": "-361387000"}, {"fiscalDateEnding": "2009-06-30", "reportedCurrency": "USD", "grossProfit": "-87747000", "totalRevenue": "678580000", "costOfRevenue": "766327000", "costofGoodsAndServicesSold": "766327000", "operatingIncome": "-210010000", "sellingGeneralAndAdministrative": "122263000", "researchAndDevelopment": "0", "operatingExpenses": "122263000", "investmentIncomeNet": "None", "netInterestIncome": "None", "interestIncome": "None", "interestExpense": "436000", "nonInterestIncome": "None", "otherNonOperatingIncome": "None", "depreciation": "None", "depreciationAndAmortization": "11825000", "incomeBeforeTax": "-186929000", "incomeTaxExpense": "2536000", "interestAndDebtExpense": "None", "netIncomeFromContinuingOperations": "0", "comprehensiveIncomeNetOfTax": "None", "ebit": "-186493000", "ebitda": "-174668000", "netIncome": "-189465000"}, {"fiscalDateEnding": "2009-03-31", "reportedCurrency": "USD", "grossProfit": "-334253000", "totalRevenue": "583892000", "costOfRevenue": "918145000", "costofGoodsAndServicesSold": "918145000", "operatingIncome": "-460812000", "sellingGeneralAndAdministrative": "123407000", "researchAndDevelopment": "0", "operatingExpenses": "126559000", "investmentIncomeNet": "None", "netInterestIncome": "None", "interestIncome": "None", "interestExpense": "478000", "nonInterestIncome": "None", "otherNonOperatingIncome": "None", "depreciation": "None", "depreciationAndAmortization": "12978000", "incomeBeforeTax": "-512246000", "incomeTaxExpense": "2572000", "interestAndDebtExpense": "None", "netIncomeFromContinuingOperations": "0", "comprehensiveIncomeNetOfTax": "None", "ebit": "-511768000", "ebitda": "-498790000", "netIncome": "-514818000"}, {"fiscalDateEnding": "2008-12-31", "reportedCurrency": "USD", "grossProfit": "-238632000", "totalRevenue": "1650285000", "costOfRevenue": "1888917000", "costofGoodsAndServicesSold": "1888917000", "operatingIncome": "-467625000", "sellingGeneralAndAdministrative": "55007000", "researchAndDevelopment": "0", "operatingExpenses": "228993000", "investmentIncomeNet": "None", "netInterestIncome": "None", "interestIncome": "None", "interestExpense": "55287000", "nonInterestIncome": "None", "otherNonOperatingIncome": "None", "depreciation": "None", "depreciationAndAmortization": "16439000", "incomeBeforeTax": "-479725000", "incomeTaxExpense": "-141560000", "interestAndDebtExpense": "None", "netIncomeFromContinuingOperations": "0", "comprehensiveIncomeNetOfTax": "None", "ebit": "-467625000", "ebitda": "-451186000", "netIncome": "-338165000"}, {"fiscalDateEnding": "2008-09-30", "reportedCurrency": "USD", "grossProfit": "-95095000", "totalRevenue": "1558227000", "costOfRevenue": "1653322000", "costofGoodsAndServicesSold": "1653322000", "operatingIncome": "-295445000", "sellingGeneralAndAdministrative": "194092000", "researchAndDevelopment": "0", "operatingExpenses": "200350000", "investmentIncomeNet": "None", "netInterestIncome": "None", "interestIncome": "None", "interestExpense": "723000", "nonInterestIncome": "None", "otherNonOperatingIncome": "None", "depreciation": "None", "depreciationAndAmortization": "18713000", "incomeBeforeTax": "-294591000", "incomeTaxExpense": "-14204000", "interestAndDebtExpense": "None", "netIncomeFromContinuingOperations": "0", "comprehensiveIncomeNetOfTax": "None", "ebit": "-293868000", "ebitda": "-275155000", "netIncome": "-280387000"}, {"fiscalDateEnding": "2008-06-30", "reportedCurrency": "USD", "grossProfit": "-14135000", "totalRevenue": "1619413000", "costOfRevenue": "1633548000", "costofGoodsAndServicesSold": "1633548000", "operatingIncome": "-200539000", "sellingGeneralAndAdministrative": "194612000", "researchAndDevelopment": "0", "operatingExpenses": "186404000", "investmentIncomeNet": "None", "netInterestIncome": "None", "interestIncome": "None", "interestExpense": "708000", "nonInterestIncome": "None", "otherNonOperatingIncome": "None", "depreciation": "None", "depreciationAndAmortization": "19113000", "incomeBeforeTax": "-215227000", "incomeTaxExpense": "-56810000", "interestAndDebtExpense": "None", "netIncomeFromContinuingOperations": "0", "comprehensiveIncomeNetOfTax": "None", "ebit": "-214519000", "ebitda": "-195406000", "netIncome": "-158417000"}, {"fiscalDateEnding": "2008-03-31", "reportedCurrency": "USD", "grossProfit": "-499849000", "totalRevenue": "1448819000", "costOfRevenue": "1948668000", "costofGoodsAndServicesSold": "1948668000", "operatingIncome": "-696802000", "sellingGeneralAndAdministrative": "196953000", "researchAndDevelopment": "0", "operatingExpenses": "196953000", "investmentIncomeNet": "None", "netInterestIncome": "None", "interestIncome": "None", "interestExpense": "60063000", "nonInterestIncome": "None", "otherNonOperatingIncome": "None", "depreciation": "None", "depreciationAndAmortization": "19715000", "incomeBeforeTax": "-693056000", "incomeTaxExpense": "3088000", "interestAndDebtExpense": "None", "netIncomeFromContinuingOperations": "0", "comprehensiveIncomeNetOfTax": "None", "ebit": "-693056000", "ebitda": "-673341000", "netIncome": "-696144000"}, {"fiscalDateEnding": "2007-12-31", "reportedCurrency": "USD", "grossProfit": "-47580000", "totalRevenue": "2898617000", "costOfRevenue": "2946197000", "costofGoodsAndServicesSold": "2946197000", "operatingIncome": "-371513000", "sellingGeneralAndAdministrative": "323932678", "researchAndDevelopment": "0", "operatingExpenses": "323933000", "investmentIncomeNet": "None", "netInterestIncome": "None", "interestIncome": "None", "interestExpense": "62764000", "nonInterestIncome": "None", "otherNonOperatingIncome": "None", "depreciation": "None", "depreciationAndAmortization": "19743000", "incomeBeforeTax": "-453833000", "incomeTaxExpense": "439490000", "interestAndDebtExpense": "None", "netIncomeFromContinuingOperations": "0", "comprehensiveIncomeNetOfTax": "None", "ebit": "-371513000", "ebitda": "-351770000", "netIncome": "-874661000"}, {"fiscalDateEnding": "2007-09-30", "reportedCurrency": "USD", "grossProfit": "-367351000", "totalRevenue": "2471798000", "costOfRevenue": "2839149000", "costofGoodsAndServicesSold": "2839149000", "operatingIncome": "-1042338000", "sellingGeneralAndAdministrative": "674987000", "researchAndDevelopment": "0", "operatingExpenses": "674987000", "investmentIncomeNet": "None", "netInterestIncome": "None", "interestIncome": "None", "interestExpense": "66247000", "nonInterestIncome": "None", "otherNonOperatingIncome": "None", "depreciation": "None", "depreciationAndAmortization": "20836000", "incomeBeforeTax": "-1093913000", "incomeTaxExpense": "-306042000", "interestAndDebtExpense": "None", "netIncomeFromContinuingOperations": "0", "comprehensiveIncomeNetOfTax": "None", "ebit": "-1042338000", "ebitda": "-1021502000", "netIncome": "-787871000"}, {"fiscalDateEnding": "2007-06-30", "reportedCurrency": "USD", "grossProfit": "-383511000", "totalRevenue": "2021246000", "costOfRevenue": "2404757000", "costofGoodsAndServicesSold": "2404757000", "operatingIncome": "-751458000", "sellingGeneralAndAdministrative": "367947000", "researchAndDevelopment": "0", "operatingExpenses": "367947000", "investmentIncomeNet": "None", "netInterestIncome": "None", "interestIncome": "None", "interestExpense": "65403000", "nonInterestIncome": "None", "otherNonOperatingIncome": "None", "depreciation": "None", "depreciationAndAmortization": "21613000", "incomeBeforeTax": "-806609000", "incomeTaxExpense": "-299058000", "interestAndDebtExpense": "None", "netIncomeFromContinuingOperations": "0", "comprehensiveIncomeNetOfTax": "None", "ebit": "-751458000", "ebitda": "-729845000", "netIncome": "-507551000"}, {"fiscalDateEnding": "2007-03-31", "reportedCurrency": "USD", "grossProfit": "184869000", "totalRevenue": "1871433000", "costOfRevenue": "1686564000", "costofGoodsAndServicesSold": "1686564000", "operatingIncome": "-141572000", "sellingGeneralAndAdministrative": "326441000", "researchAndDevelopment": "0", "operatingExpenses": "326441000", "investmentIncomeNet": "None", "netInterestIncome": "None", "interestIncome": "None", "interestExpense": "65950000", "nonInterestIncome": "None", "otherNonOperatingIncome": "None", "depreciation": "None", "depreciationAndAmortization": "21660000", "incomeBeforeTax": "-142548000", "incomeTaxExpense": "-56876000", "interestAndDebtExpense": "None", "netIncomeFromContinuingOperations": "0", "comprehensiveIncomeNetOfTax": "None", "ebit": "-141572000", "ebitda": "-119912000", "netIncome": "-85672000"}, {"fiscalDateEnding": "2006-12-31", "reportedCurrency": "USD", "grossProfit": "92691000", "totalRevenue": "4388906000", "costOfRevenue": "4296215000", "costofGoodsAndServicesSold": "4296215000", "operatingIncome": "92691000", "sellingGeneralAndAdministrative": "306651000", "researchAndDevelopment": "0", "operatingExpenses": "-13486027", "investmentIncomeNet": "None", "netInterestIncome": "None", "interestIncome": "None", "interestExpense": "78061000", "nonInterestIncome": "None", "otherNonOperatingIncome": "None", "depreciation": "None", "depreciationAndAmortization": "25166000", "incomeBeforeTax": "-18055000", "incomeTaxExpense": "-9754000", "interestAndDebtExpense": "None", "netIncomeFromContinuingOperations": "0", "comprehensiveIncomeNetOfTax": "None", "ebit": "92691000", "ebitda": "117857000", "netIncome": "-8412000"}, {"fiscalDateEnding": "2006-09-30", "reportedCurrency": "USD", "grossProfit": "604247000", "totalRevenue": "3563959000", "costOfRevenue": "2959712000", "costofGoodsAndServicesSold": "2959712000", "operatingIncome": "293633000", "sellingGeneralAndAdministrative": "279223000", "researchAndDevelopment": "0", "operatingExpenses": "310614000", "investmentIncomeNet": "None", "netInterestIncome": "None", "interestIncome": "None", "interestExpense": "79700000", "nonInterestIncome": "None", "otherNonOperatingIncome": "None", "depreciation": "None", "depreciationAndAmortization": "20522000", "incomeBeforeTax": "295514000", "incomeTaxExpense": "104064000", "interestAndDebtExpense": "None", "netIncomeFromContinuingOperations": "0", "comprehensiveIncomeNetOfTax": "None", "ebit": "293633000", "ebitda": "314155000", "netIncome": "190219000"}, {"fiscalDateEnding": "2006-06-30", "reportedCurrency": "USD", "grossProfit": "684330000", "totalRevenue": "3358967000", "costOfRevenue": "2674637000", "costofGoodsAndServicesSold": "2674637000", "operatingIncome": "388937000", "sellingGeneralAndAdministrative": "265404000", "researchAndDevelopment": "0", "operatingExpenses": "295393000", "investmentIncomeNet": "None", "netInterestIncome": "None", "interestIncome": "None", "interestExpense": "68718000", "nonInterestIncome": "None", "otherNonOperatingIncome": "None", "depreciation": "None", "depreciationAndAmortization": "19624000", "incomeBeforeTax": "387725000", "incomeTaxExpense": "143873000", "interestAndDebtExpense": "None", "netIncomeFromContinuingOperations": "0", "comprehensiveIncomeNetOfTax": "None", "ebit": "388937000", "ebitda": "408561000", "netIncome": "243019000"}, {"fiscalDateEnding": "2006-03-31", "reportedCurrency": "USD", "grossProfit": "675877000", "totalRevenue": "2962576000", "costOfRevenue": "2286699000", "costofGoodsAndServicesSold": "2286699000", "operatingIncome": "384601000", "sellingGeneralAndAdministrative": "12350000", "researchAndDevelopment": "0", "operatingExpenses": "291276000", "investmentIncomeNet": "None", "netInterestIncome": "None", "interestIncome": "None", "interestExpense": "63782000", "nonInterestIncome": "None", "otherNonOperatingIncome": "None", "depreciation": "None", "depreciationAndAmortization": "18363000", "incomeBeforeTax": "417544000", "incomeTaxExpense": "154899000", "interestAndDebtExpense": "None", "netIncomeFromContinuingOperations": "0", "comprehensiveIncomeNetOfTax": "None", "ebit": "384601000", "ebitda": "402964000", "netIncome": "262645000"}, {"fiscalDateEnding": "2005-12-31", "reportedCurrency": "USD", "grossProfit": "906943000", "totalRevenue": "5007467000", "costOfRevenue": "4100524000", "costofGoodsAndServicesSold": "4100524000", "operatingIncome": "809664000", "sellingGeneralAndAdministrative": "1185386000", "researchAndDevelopment": "0", "operatingExpenses": "97279000", "investmentIncomeNet": "None", "netInterestIncome": "None", "interestIncome": "None", "interestExpense": "60824000", "nonInterestIncome": "None", "otherNonOperatingIncome": "None", "depreciation": "None", "depreciationAndAmortization": "16702000", "incomeBeforeTax": "830697000", "incomeTaxExpense": "303613000", "interestAndDebtExpense": "None", "netIncomeFromContinuingOperations": "0", "comprehensiveIncomeNetOfTax": "None", "ebit": "809664000", "ebitda": "826366000", "netIncome": "574539000"}]}