{"symbol": "ACLS", "annualReports": [{"fiscalDateEnding": "2024-12-31", "reportedCurrency": "USD", "grossProfit": "454654000", "totalRevenue": "1017865000", "costOfRevenue": "563211000", "costofGoodsAndServicesSold": "563211000", "operatingIncome": "210794000", "sellingGeneralAndAdministrative": "70317000", "researchAndDevelopment": "105497000", "operatingExpenses": "243860000", "investmentIncomeNet": "None", "netInterestIncome": "18941000", "interestIncome": "24403000", "interestExpense": "5462000", "nonInterestIncome": "None", "otherNonOperatingIncome": "None", "depreciation": "None", "depreciationAndAmortization": "15809000", "incomeBeforeTax": "230274000", "incomeTaxExpense": "29282000", "interestAndDebtExpense": "None", "netIncomeFromContinuingOperations": "200992000", "comprehensiveIncomeNetOfTax": "None", "ebit": "235736000", "ebitda": "251545000", "netIncome": "200992000"}, {"fiscalDateEnding": "2023-12-31", "reportedCurrency": "USD", "grossProfit": "491301000", "totalRevenue": "1130604000", "costOfRevenue": "639303000", "costofGoodsAndServicesSold": "639303000", "operatingIncome": "265795000", "sellingGeneralAndAdministrative": "65794000", "researchAndDevelopment": "96907000", "operatingExpenses": "225506000", "investmentIncomeNet": "None", "netInterestIncome": "10315000", "interestIncome": "15817000", "interestExpense": "5347000", "nonInterestIncome": "None", "otherNonOperatingIncome": "None", "depreciation": "None", "depreciationAndAmortization": "13069000", "incomeBeforeTax": "278599000", "incomeTaxExpense": "32336000", "interestAndDebtExpense": "None", "netIncomeFromContinuingOperations": "232199000", "comprehensiveIncomeNetOfTax": "None", "ebit": "283946000", "ebitda": "297015000", "netIncome": "246263000"}, {"fiscalDateEnding": "2022-12-31", "reportedCurrency": "USD", "grossProfit": "401790000", "totalRevenue": "919998000", "costOfRevenue": "518208000", "costofGoodsAndServicesSold": "518208000", "operatingIncome": "212361000", "sellingGeneralAndAdministrative": "57474000", "researchAndDevelopment": "78356000", "operatingExpenses": "189429000", "investmentIncomeNet": "None", "netInterestIncome": "-1025000", "interestIncome": "1025000", "interestExpense": "5576000", "nonInterestIncome": "None", "otherNonOperatingIncome": "-1900000", "depreciation": "None", "depreciationAndAmortization": "11607000", "incomeBeforeTax": "204885000", "incomeTaxExpense": "21806000", "interestAndDebtExpense": "None", "netIncomeFromContinuingOperations": "183079000", "comprehensiveIncomeNetOfTax": "None", "ebit": "210461000", "ebitda": "222068000", "netIncome": "183079000"}, {"fiscalDateEnding": "2021-12-31", "reportedCurrency": "USD", "grossProfit": "286445000", "totalRevenue": "662428000", "costOfRevenue": "375983000", "costofGoodsAndServicesSold": "375983000", "operatingIncome": "127325000", "sellingGeneralAndAdministrative": "46141000", "researchAndDevelopment": "65431000", "operatingExpenses": "159120000", "investmentIncomeNet": "None", "netInterestIncome": "-4626000", "interestIncome": "209000", "interestExpense": "4835000", "nonInterestIncome": "None", "otherNonOperatingIncome": "-2062000", "depreciation": "None", "depreciationAndAmortization": "10818000", "incomeBeforeTax": "120428000", "incomeTaxExpense": "21778000", "interestAndDebtExpense": "None", "netIncomeFromContinuingOperations": "98650000", "comprehensiveIncomeNetOfTax": "None", "ebit": "125263000", "ebitda": "136081000", "netIncome": "98650000"}, {"fiscalDateEnding": "2020-12-31", "reportedCurrency": "USD", "grossProfit": "198584000", "totalRevenue": "474560000", "costOfRevenue": "275976000", "costofGoodsAndServicesSold": "275976000", "operatingIncome": "58041000", "sellingGeneralAndAdministrative": "39964000", "researchAndDevelopment": "61833000", "operatingExpenses": "140543000", "investmentIncomeNet": "None", "netInterestIncome": "-4473000", "interestIncome": "738000", "interestExpense": "5211000", "nonInterestIncome": "None", "otherNonOperatingIncome": "3056000", "depreciation": "None", "depreciationAndAmortization": "9939000", "incomeBeforeTax": "55886000", "incomeTaxExpense": "5904000", "interestAndDebtExpense": "None", "netIncomeFromContinuingOperations": "49982000", "comprehensiveIncomeNetOfTax": "None", "ebit": "61097000", "ebitda": "71036000", "netIncome": "49982000"}, {"fiscalDateEnding": "2019-12-31", "reportedCurrency": "USD", "grossProfit": "144152000", "totalRevenue": "342958000", "costOfRevenue": "198806000", "costofGoodsAndServicesSold": "198806000", "operatingIncome": "24205000", "sellingGeneralAndAdministrative": "31726000", "researchAndDevelopment": "53931000", "operatingExpenses": "119947000", "investmentIncomeNet": "None", "netInterestIncome": "-2200000", "interestIncome": "2955000", "interestExpense": "5155000", "nonInterestIncome": "None", "otherNonOperatingIncome": "1872000", "depreciation": "None", "depreciationAndAmortization": "7880000", "incomeBeforeTax": "20922000", "incomeTaxExpense": "3888000", "interestAndDebtExpense": "None", "netIncomeFromContinuingOperations": "17034000", "comprehensiveIncomeNetOfTax": "None", "ebit": "26077000", "ebitda": "33957000", "netIncome": "17034000"}, {"fiscalDateEnding": "2018-12-31", "reportedCurrency": "USD", "grossProfit": "179636000", "totalRevenue": "442575000", "costOfRevenue": "262939000", "costofGoodsAndServicesSold": "262939000", "operatingIncome": "59959000", "sellingGeneralAndAdministrative": "33193000", "researchAndDevelopment": "51876000", "operatingExpenses": "119677000", "investmentIncomeNet": "None", "netInterestIncome": "-2782000", "interestIncome": "2328000", "interestExpense": "5110000", "nonInterestIncome": "None", "otherNonOperatingIncome": "-144000", "depreciation": "None", "depreciationAndAmortization": "5772000", "incomeBeforeTax": "54705000", "incomeTaxExpense": "8820000", "interestAndDebtExpense": "None", "netIncomeFromContinuingOperations": "45885000", "comprehensiveIncomeNetOfTax": "None", "ebit": "59815000", "ebitda": "65587000", "netIncome": "45885000"}, {"fiscalDateEnding": "2017-12-31", "reportedCurrency": "USD", "grossProfit": "150247000", "totalRevenue": "410561000", "costOfRevenue": "260314000", "costofGoodsAndServicesSold": "260314000", "operatingIncome": "47842000", "sellingGeneralAndAdministrative": "30802000", "researchAndDevelopment": "43071000", "operatingExpenses": "102405000", "investmentIncomeNet": "None", "netInterestIncome": "-4407000", "interestIncome": "714000", "interestExpense": "5121000", "nonInterestIncome": "None", "otherNonOperatingIncome": "1110000", "depreciation": "None", "depreciationAndAmortization": "5002000", "incomeBeforeTax": "43831000", "incomeTaxExpense": "-83128000", "interestAndDebtExpense": "None", "netIncomeFromContinuingOperations": "126959000", "comprehensiveIncomeNetOfTax": "None", "ebit": "48952000", "ebitda": "53954000", "netIncome": "126959000"}, {"fiscalDateEnding": "2016-12-31", "reportedCurrency": "USD", "grossProfit": "99598000", "totalRevenue": "266980000", "costOfRevenue": "167382000", "costofGoodsAndServicesSold": "167382000", "operatingIncome": "16623000", "sellingGeneralAndAdministrative": "24452000", "researchAndDevelopment": "34402000", "operatingExpenses": "82693000", "investmentIncomeNet": "None", "netInterestIncome": "-4835000", "interestIncome": "238000", "interestExpense": "5073000", "nonInterestIncome": "None", "otherNonOperatingIncome": "-526000", "depreciation": "None", "depreciationAndAmortization": "4258000", "incomeBeforeTax": "11024000", "incomeTaxExpense": "23000", "interestAndDebtExpense": "None", "netIncomeFromContinuingOperations": "11001000", "comprehensiveIncomeNetOfTax": "None", "ebit": "16097000", "ebitda": "20355000", "netIncome": "11001000"}, {"fiscalDateEnding": "2015-12-31", "reportedCurrency": "USD", "grossProfit": "101706000", "totalRevenue": "301495000", "costOfRevenue": "199789000", "costofGoodsAndServicesSold": "199789000", "operatingIncome": "20718000", "sellingGeneralAndAdministrative": "25059000", "researchAndDevelopment": "32586000", "operatingExpenses": "80970000", "investmentIncomeNet": "None", "netInterestIncome": "None", "interestIncome": "4912000", "interestExpense": "4976000", "nonInterestIncome": "None", "otherNonOperatingIncome": "-537000", "depreciation": "None", "depreciationAndAmortization": "4869000", "incomeBeforeTax": "15205000", "incomeTaxExpense": "527000", "interestAndDebtExpense": "None", "netIncomeFromContinuingOperations": "14678000", "comprehensiveIncomeNetOfTax": "None", "ebit": "20736000", "ebitda": "25605000", "netIncome": "14678000"}, {"fiscalDateEnding": "2014-12-31", "reportedCurrency": "USD", "grossProfit": "70164000", "totalRevenue": "203051000", "costOfRevenue": "132887000", "costofGoodsAndServicesSold": "132887000", "operatingIncome": "-10661000", "sellingGeneralAndAdministrative": "23958000", "researchAndDevelopment": "33533000", "operatingExpenses": "78204000", "investmentIncomeNet": "None", "netInterestIncome": "None", "interestIncome": "None", "interestExpense": "1069000", "nonInterestIncome": "None", "otherNonOperatingIncome": "1563000", "depreciation": "None", "depreciationAndAmortization": "4586000", "incomeBeforeTax": "-10167000", "incomeTaxExpense": "1099000", "interestAndDebtExpense": "None", "netIncomeFromContinuingOperations": "-11266000", "comprehensiveIncomeNetOfTax": "None", "ebit": "-9095000", "ebitda": "-4509000", "netIncome": "-11266000"}, {"fiscalDateEnding": "2013-12-31", "reportedCurrency": "USD", "grossProfit": "67935000", "totalRevenue": "195632000", "costOfRevenue": "127697000", "costofGoodsAndServicesSold": "127697000", "operatingIncome": "-14618000", "sellingGeneralAndAdministrative": "25471000", "researchAndDevelopment": "34756000", "operatingExpenses": "81386000", "investmentIncomeNet": "None", "netInterestIncome": "None", "interestIncome": "None", "interestExpense": "457000", "nonInterestIncome": "None", "otherNonOperatingIncome": "-1029000", "depreciation": "None", "depreciationAndAmortization": "5075000", "incomeBeforeTax": "-16104000", "incomeTaxExpense": "1040000", "interestAndDebtExpense": "None", "netIncomeFromContinuingOperations": "-17144000", "comprehensiveIncomeNetOfTax": "None", "ebit": "-15647000", "ebitda": "-10572000", "netIncome": "-17144000"}, {"fiscalDateEnding": "2012-12-31", "reportedCurrency": "USD", "grossProfit": "58171000", "totalRevenue": "203385000", "costOfRevenue": "145214000", "costofGoodsAndServicesSold": "145214000", "operatingIncome": "-30938000", "sellingGeneralAndAdministrative": "26554000", "researchAndDevelopment": "40401000", "operatingExpenses": "92844000", "investmentIncomeNet": "None", "netInterestIncome": "None", "interestIncome": "None", "interestExpense": "45000", "nonInterestIncome": "None", "otherNonOperatingIncome": "-1450000", "depreciation": "None", "depreciationAndAmortization": "6877000", "incomeBeforeTax": "-32388000", "incomeTaxExpense": "1646000", "interestAndDebtExpense": "None", "netIncomeFromContinuingOperations": "-34034000", "comprehensiveIncomeNetOfTax": "None", "ebit": "-32388000", "ebitda": "-25511000", "netIncome": "-34034000"}, {"fiscalDateEnding": "2011-12-31", "reportedCurrency": "USD", "grossProfit": "114737000", "totalRevenue": "319416000", "costOfRevenue": "204679000", "costofGoodsAndServicesSold": "204679000", "operatingIncome": "7132000", "sellingGeneralAndAdministrative": "31174000", "researchAndDevelopment": "47176000", "operatingExpenses": "107605000", "investmentIncomeNet": "None", "netInterestIncome": "None", "interestIncome": "None", "interestExpense": "42000", "nonInterestIncome": "None", "otherNonOperatingIncome": "339000", "depreciation": "None", "depreciationAndAmortization": "8497000", "incomeBeforeTax": "7471000", "incomeTaxExpense": "2394000", "interestAndDebtExpense": "None", "netIncomeFromContinuingOperations": "5077000", "comprehensiveIncomeNetOfTax": "None", "ebit": "7471000", "ebitda": "15968000", "netIncome": "5077000"}, {"fiscalDateEnding": "2010-12-31", "reportedCurrency": "USD", "grossProfit": "85838000", "totalRevenue": "275212000", "costOfRevenue": "189374000", "costofGoodsAndServicesSold": "189374000", "operatingIncome": "-13367000", "sellingGeneralAndAdministrative": "32132000", "researchAndDevelopment": "39524000", "operatingExpenses": "99205000", "investmentIncomeNet": "None", "netInterestIncome": "None", "interestIncome": "None", "interestExpense": "96000", "nonInterestIncome": "None", "otherNonOperatingIncome": "None", "depreciation": "None", "depreciationAndAmortization": "7045000", "incomeBeforeTax": "-17261000", "incomeTaxExpense": "312000", "interestAndDebtExpense": "None", "netIncomeFromContinuingOperations": "None", "comprehensiveIncomeNetOfTax": "None", "ebit": "-13367000", "ebitda": "-6322000", "netIncome": "-17573000"}, {"fiscalDateEnding": "2009-12-31", "reportedCurrency": "USD", "grossProfit": "28064000", "totalRevenue": "133022000", "costOfRevenue": "104958000", "costofGoodsAndServicesSold": "104958000", "operatingIncome": "-69434000", "sellingGeneralAndAdministrative": "34087000", "researchAndDevelopment": "32661000", "operatingExpenses": "91957000", "investmentIncomeNet": "None", "netInterestIncome": "None", "interestIncome": "None", "interestExpense": "1676000", "nonInterestIncome": "None", "otherNonOperatingIncome": "None", "depreciation": "None", "depreciationAndAmortization": "7436000", "incomeBeforeTax": "-76603000", "incomeTaxExpense": "865000", "interestAndDebtExpense": "None", "netIncomeFromContinuingOperations": "None", "comprehensiveIncomeNetOfTax": "None", "ebit": "-74927000", "ebitda": "-67491000", "netIncome": "-77468000"}, {"fiscalDateEnding": "2008-12-31", "reportedCurrency": "USD", "grossProfit": "62615000", "totalRevenue": "250214000", "costOfRevenue": "187599000", "costofGoodsAndServicesSold": "187599000", "operatingIncome": "-186837000", "sellingGeneralAndAdministrative": "43056000", "researchAndDevelopment": "63262000", "operatingExpenses": "153515000", "investmentIncomeNet": "None", "netInterestIncome": "None", "interestIncome": "None", "interestExpense": "6744000", "nonInterestIncome": "None", "otherNonOperatingIncome": "None", "depreciation": "None", "depreciationAndAmortization": "23571000", "incomeBeforeTax": "-195803000", "incomeTaxExpense": "861000", "interestAndDebtExpense": "None", "netIncomeFromContinuingOperations": "None", "comprehensiveIncomeNetOfTax": "None", "ebit": "-189059000", "ebitda": "-165488000", "netIncome": "-196664000"}, {"fiscalDateEnding": "2007-12-31", "reportedCurrency": "USD", "grossProfit": "152861000", "totalRevenue": "404800000", "costOfRevenue": "251939000", "costofGoodsAndServicesSold": "251939000", "operatingIncome": "-20663000", "sellingGeneralAndAdministrative": "41718000", "researchAndDevelopment": "72044000", "operatingExpenses": "171018000", "investmentIncomeNet": "None", "netInterestIncome": "None", "interestIncome": "None", "interestExpense": "6427000", "nonInterestIncome": "None", "otherNonOperatingIncome": "None", "depreciation": "None", "depreciationAndAmortization": "21911000", "incomeBeforeTax": "-11808000", "incomeTaxExpense": "-410000", "interestAndDebtExpense": "None", "netIncomeFromContinuingOperations": "None", "comprehensiveIncomeNetOfTax": "None", "ebit": "-18157000", "ebitda": "3754000", "netIncome": "-11398000"}, {"fiscalDateEnding": "2006-12-31", "reportedCurrency": "USD", "grossProfit": "191514000", "totalRevenue": "461717000", "costOfRevenue": "270203000", "costofGoodsAndServicesSold": "270203000", "operatingIncome": "23741000", "sellingGeneralAndAdministrative": "46620000", "researchAndDevelopment": "72384000", "operatingExpenses": "167091000", "investmentIncomeNet": "None", "netInterestIncome": "None", "interestIncome": "None", "interestExpense": "9085000", "nonInterestIncome": "None", "otherNonOperatingIncome": "None", "depreciation": "None", "depreciationAndAmortization": "20137000", "incomeBeforeTax": "42783000", "incomeTaxExpense": "2013000", "interestAndDebtExpense": "None", "netIncomeFromContinuingOperations": "None", "comprehensiveIncomeNetOfTax": "None", "ebit": "51868000", "ebitda": "72005000", "netIncome": "40770000"}, {"fiscalDateEnding": "2005-12-31", "reportedCurrency": "USD", "grossProfit": "154431000", "totalRevenue": "372540000", "costOfRevenue": "218109000", "costofGoodsAndServicesSold": "218109000", "operatingIncome": "-15879000", "sellingGeneralAndAdministrative": "45631000", "researchAndDevelopment": "70908000", "operatingExpenses": "163813000", "investmentIncomeNet": "None", "netInterestIncome": "None", "interestIncome": "None", "interestExpense": "6634000", "nonInterestIncome": "None", "otherNonOperatingIncome": "None", "depreciation": "None", "depreciationAndAmortization": "23732000", "incomeBeforeTax": "-1982000", "incomeTaxExpense": "1873000", "interestAndDebtExpense": "None", "netIncomeFromContinuingOperations": "None", "comprehensiveIncomeNetOfTax": "None", "ebit": "-9382000", "ebitda": "14350000", "netIncome": "-3855000"}], "quarterlyReports": [{"fiscalDateEnding": "2025-09-30", "reportedCurrency": "USD", "grossProfit": "88806000", "totalRevenue": "213611000", "costOfRevenue": "124805000", "costofGoodsAndServicesSold": "124805000", "operatingIncome": "25020000", "sellingGeneralAndAdministrative": "23308000", "researchAndDevelopment": "24640000", "operatingExpenses": "63786000", "investmentIncomeNet": "None", "netInterestIncome": "4160000", "interestIncome": "5465000", "interestExpense": "6750000", "nonInterestIncome": "None", "otherNonOperatingIncome": "None", "depreciation": "None", "depreciationAndAmortization": "4328000", "incomeBeforeTax": "30150000", "incomeTaxExpense": "4163999", "interestAndDebtExpense": "None", "netIncomeFromContinuingOperations": "25986000", "comprehensiveIncomeNetOfTax": "None", "ebit": "30150000", "ebitda": "34478000", "netIncome": "25986000"}, {"fiscalDateEnding": "2025-06-30", "reportedCurrency": "USD", "grossProfit": "87343000", "totalRevenue": "194544000", "costOfRevenue": "107201000", "costofGoodsAndServicesSold": "107201000", "operatingIncome": "28965000", "sellingGeneralAndAdministrative": "16311000", "researchAndDevelopment": "27064000", "operatingExpenses": "58378000", "investmentIncomeNet": "None", "netInterestIncome": "4126000", "interestIncome": "5481000", "interestExpense": "1355000", "nonInterestIncome": "None", "otherNonOperatingIncome": "None", "depreciation": "None", "depreciationAndAmortization": "4515000", "incomeBeforeTax": "34997000", "incomeTaxExpense": "3621000", "interestAndDebtExpense": "None", "netIncomeFromContinuingOperations": "31376000", "comprehensiveIncomeNetOfTax": "None", "ebit": "36352000", "ebitda": "40867000", "netIncome": "31376000"}, {"fiscalDateEnding": "2025-03-31", "reportedCurrency": "USD", "grossProfit": "88768000", "totalRevenue": "192563000", "costOfRevenue": "103795000", "costofGoodsAndServicesSold": "103795000", "operatingIncome": "29159000", "sellingGeneralAndAdministrative": "17357000", "researchAndDevelopment": "27128000", "operatingExpenses": "59609000", "investmentIncomeNet": "None", "netInterestIncome": "4234000", "interestIncome": "5601000", "interestExpense": "1367000", "nonInterestIncome": "None", "otherNonOperatingIncome": "None", "depreciation": "None", "depreciationAndAmortization": "4309000", "incomeBeforeTax": "33084000", "incomeTaxExpense": "4505000", "interestAndDebtExpense": "None", "netIncomeFromContinuingOperations": "28579000", "comprehensiveIncomeNetOfTax": "None", "ebit": "34451000", "ebitda": "38760000", "netIncome": "28579000"}, {"fiscalDateEnding": "2024-12-31", "reportedCurrency": "USD", "grossProfit": "116223000", "totalRevenue": "252417000", "costOfRevenue": "136194000", "costofGoodsAndServicesSold": "136194000", "operatingIncome": "54531000", "sellingGeneralAndAdministrative": "17475000", "researchAndDevelopment": "27654000", "operatingExpenses": "61692000", "investmentIncomeNet": "None", "netInterestIncome": "4832000", "interestIncome": "6277000", "interestExpense": "1445000", "nonInterestIncome": "None", "otherNonOperatingIncome": "None", "depreciation": "None", "depreciationAndAmortization": "4267000", "incomeBeforeTax": "58645000", "incomeTaxExpense": "8689000", "interestAndDebtExpense": "None", "netIncomeFromContinuingOperations": "49956000", "comprehensiveIncomeNetOfTax": "None", "ebit": "60089000", "ebitda": "64356000", "netIncome": "49956000"}, {"fiscalDateEnding": "2024-09-30", "reportedCurrency": "USD", "grossProfit": "109970000", "totalRevenue": "256564000", "costOfRevenue": "146594000", "costofGoodsAndServicesSold": "146594000", "operatingIncome": "46913000", "sellingGeneralAndAdministrative": "19854000", "researchAndDevelopment": "26395000", "operatingExpenses": "63057000", "investmentIncomeNet": "None", "netInterestIncome": "5227000", "interestIncome": "6560000", "interestExpense": "1333000", "nonInterestIncome": "None", "otherNonOperatingIncome": "None", "depreciation": "None", "depreciationAndAmortization": "3906000", "incomeBeforeTax": "55365000", "incomeTaxExpense": "6789000", "interestAndDebtExpense": "None", "netIncomeFromContinuingOperations": "48576000", "comprehensiveIncomeNetOfTax": "None", "ebit": "56698000", "ebitda": "60604000", "netIncome": "48576000"}, {"fiscalDateEnding": "2024-06-30", "reportedCurrency": "USD", "grossProfit": "112409000", "totalRevenue": "256512000", "costOfRevenue": "144103000", "costofGoodsAndServicesSold": "144103000", "operatingIncome": "52810000", "sellingGeneralAndAdministrative": "16583000", "researchAndDevelopment": "25786000", "operatingExpenses": "59599000", "investmentIncomeNet": "None", "netInterestIncome": "4712000", "interestIncome": "6051000", "interestExpense": "1339000", "nonInterestIncome": "None", "otherNonOperatingIncome": "None", "depreciation": "None", "depreciationAndAmortization": "3861000", "incomeBeforeTax": "57265000", "incomeTaxExpense": "6399000", "interestAndDebtExpense": "None", "netIncomeFromContinuingOperations": "50866000", "comprehensiveIncomeNetOfTax": "None", "ebit": "52810000", "ebitda": "56671000", "netIncome": "50866000"}, {"fiscalDateEnding": "2024-03-31", "reportedCurrency": "USD", "grossProfit": "116051000", "totalRevenue": "252372000", "costOfRevenue": "136321000", "costofGoodsAndServicesSold": "136321000", "operatingIncome": "56539000", "sellingGeneralAndAdministrative": "16405000", "researchAndDevelopment": "25662000", "operatingExpenses": "59512000", "investmentIncomeNet": "None", "netInterestIncome": "4170000", "interestIncome": "5516000", "interestExpense": "1346000", "nonInterestIncome": "None", "otherNonOperatingIncome": "None", "depreciation": "None", "depreciationAndAmortization": "3775000", "incomeBeforeTax": "58999000", "incomeTaxExpense": "7404000", "interestAndDebtExpense": "None", "netIncomeFromContinuingOperations": "51595000", "comprehensiveIncomeNetOfTax": "None", "ebit": "56539000", "ebitda": "60314000", "netIncome": "51595000"}, {"fiscalDateEnding": "2023-12-31", "reportedCurrency": "USD", "grossProfit": "137896000", "totalRevenue": "310288000", "costOfRevenue": "172392000", "costofGoodsAndServicesSold": "172392000", "operatingIncome": "79051000", "sellingGeneralAndAdministrative": "17275000", "researchAndDevelopment": "24911000", "operatingExpenses": "58845000", "investmentIncomeNet": "None", "netInterestIncome": "4055000", "interestIncome": "5375000", "interestExpense": "1320000", "nonInterestIncome": "None", "otherNonOperatingIncome": "None", "depreciation": "None", "depreciationAndAmortization": "3581000", "incomeBeforeTax": "87406000", "incomeTaxExpense": "16350000", "interestAndDebtExpense": "None", "netIncomeFromContinuingOperations": "71056000", "comprehensiveIncomeNetOfTax": "None", "ebit": "88726000", "ebitda": "92307000", "netIncome": "71056000"}, {"fiscalDateEnding": "2023-09-30", "reportedCurrency": "USD", "grossProfit": "129684000", "totalRevenue": "292326000", "costOfRevenue": "162642000", "costofGoodsAndServicesSold": "162642000", "operatingIncome": "71680000", "sellingGeneralAndAdministrative": "17446000", "researchAndDevelopment": "24093000", "operatingExpenses": "58004000", "investmentIncomeNet": "None", "netInterestIncome": "3255000", "interestIncome": "4580000", "interestExpense": "1325000", "nonInterestIncome": "None", "otherNonOperatingIncome": "None", "depreciation": "None", "depreciationAndAmortization": "3230000", "incomeBeforeTax": "73675000", "incomeTaxExpense": "7744000", "interestAndDebtExpense": "None", "netIncomeFromContinuingOperations": "65931000", "comprehensiveIncomeNetOfTax": "None", "ebit": "71680000", "ebitda": "74910000", "netIncome": "65931000"}, {"fiscalDateEnding": "2023-06-30", "reportedCurrency": "USD", "grossProfit": "119703000", "totalRevenue": "273970000", "costOfRevenue": "154267000", "costofGoodsAndServicesSold": "154267000", "operatingIncome": "63708000", "sellingGeneralAndAdministrative": "16328000", "researchAndDevelopment": "24130000", "operatingExpenses": "55995000", "investmentIncomeNet": "None", "netInterestIncome": "2958000", "interestIncome": "4307000", "interestExpense": "1349000", "nonInterestIncome": "None", "otherNonOperatingIncome": "2257000", "depreciation": "None", "depreciationAndAmortization": "3158000", "incomeBeforeTax": "64616000", "incomeTaxExpense": "3037000", "interestAndDebtExpense": "None", "netIncomeFromContinuingOperations": "61579000", "comprehensiveIncomeNetOfTax": "None", "ebit": "63708000", "ebitda": "66866000", "netIncome": "61579000"}, {"fiscalDateEnding": "2023-03-31", "reportedCurrency": "USD", "grossProfit": "104019000", "totalRevenue": "254020000", "costOfRevenue": "150001000", "costofGoodsAndServicesSold": "150001000", "operatingIncome": "51357000", "sellingGeneralAndAdministrative": "14745000", "researchAndDevelopment": "23773000", "operatingExpenses": "52662000", "investmentIncomeNet": "None", "netInterestIncome": "2583000", "interestIncome": "3936000", "interestExpense": "1353000", "nonInterestIncome": "None", "otherNonOperatingIncome": "2898000", "depreciation": "None", "depreciationAndAmortization": "3100000", "incomeBeforeTax": "52902000", "incomeTaxExpense": "5205000", "interestAndDebtExpense": "None", "netIncomeFromContinuingOperations": "47697000", "comprehensiveIncomeNetOfTax": "None", "ebit": "51357000", "ebitda": "54457000", "netIncome": "47697000"}, {"fiscalDateEnding": "2022-12-31", "reportedCurrency": "USD", "grossProfit": "109521000", "totalRevenue": "266051000", "costOfRevenue": "156530000", "costofGoodsAndServicesSold": "156530000", "operatingIncome": "56089000", "sellingGeneralAndAdministrative": "16311000", "researchAndDevelopment": "22089000", "operatingExpenses": "53432000", "investmentIncomeNet": "None", "netInterestIncome": "1518000", "interestIncome": "1518000", "interestExpense": "1475000", "nonInterestIncome": "None", "otherNonOperatingIncome": "11181000", "depreciation": "None", "depreciationAndAmortization": "2993000", "incomeBeforeTax": "65796000", "incomeTaxExpense": "8804000", "interestAndDebtExpense": "None", "netIncomeFromContinuingOperations": "56992000", "comprehensiveIncomeNetOfTax": "None", "ebit": "67271000", "ebitda": "70264000", "netIncome": "56992000"}, {"fiscalDateEnding": "2022-09-30", "reportedCurrency": "USD", "grossProfit": "103321000", "totalRevenue": "229175000", "costOfRevenue": "125854000", "costofGoodsAndServicesSold": "125854000", "operatingIncome": "53202000", "sellingGeneralAndAdministrative": "14983000", "researchAndDevelopment": "20563000", "operatingExpenses": "50119000", "investmentIncomeNet": "None", "netInterestIncome": "-222000", "interestIncome": "1111000", "interestExpense": "1333000", "nonInterestIncome": "None", "otherNonOperatingIncome": "-6860000", "depreciation": "None", "depreciationAndAmortization": "2890000", "incomeBeforeTax": "45009000", "incomeTaxExpense": "4726000", "interestAndDebtExpense": "None", "netIncomeFromContinuingOperations": "40283000", "comprehensiveIncomeNetOfTax": "None", "ebit": "53202000", "ebitda": "56092000", "netIncome": "40283000"}, {"fiscalDateEnding": "2022-06-30", "reportedCurrency": "USD", "grossProfit": "99181000", "totalRevenue": "221177000", "costOfRevenue": "121996000", "costofGoodsAndServicesSold": "121996000", "operatingIncome": "54145000", "sellingGeneralAndAdministrative": "13602000", "researchAndDevelopment": "18731000", "operatingExpenses": "45036000", "investmentIncomeNet": "None", "netInterestIncome": "-898000", "interestIncome": "352000", "interestExpense": "1250000", "nonInterestIncome": "None", "otherNonOperatingIncome": "-4699000", "depreciation": "None", "depreciationAndAmortization": "2876000", "incomeBeforeTax": "48196000", "incomeTaxExpense": "4007000", "interestAndDebtExpense": "None", "netIncomeFromContinuingOperations": "44189000", "comprehensiveIncomeNetOfTax": "None", "ebit": "54145000", "ebitda": "57021000", "netIncome": "44189000"}, {"fiscalDateEnding": "2022-03-31", "reportedCurrency": "USD", "grossProfit": "89766000", "totalRevenue": "203595000", "costOfRevenue": "113829000", "costofGoodsAndServicesSold": "113829000", "operatingIncome": "48923000", "sellingGeneralAndAdministrative": "12579000", "researchAndDevelopment": "16973000", "operatingExpenses": "40843000", "investmentIncomeNet": "None", "netInterestIncome": "-1423000", "interestIncome": "95000", "interestExpense": "1518000", "nonInterestIncome": "None", "otherNonOperatingIncome": "-1522000", "depreciation": "None", "depreciationAndAmortization": "2848000", "incomeBeforeTax": "45883000", "incomeTaxExpense": "4269000", "interestAndDebtExpense": "None", "netIncomeFromContinuingOperations": "41614000", "comprehensiveIncomeNetOfTax": "None", "ebit": "48923000", "ebitda": "51771000", "netIncome": "41614000"}, {"fiscalDateEnding": "2021-12-31", "reportedCurrency": "USD", "grossProfit": "89484000", "totalRevenue": "205684000", "costOfRevenue": "116200000", "costofGoodsAndServicesSold": "116200000", "operatingIncome": "46584000", "sellingGeneralAndAdministrative": "12915000", "researchAndDevelopment": "16416000", "operatingExpenses": "42900000", "investmentIncomeNet": "None", "netInterestIncome": "-1178000", "interestIncome": "85000", "interestExpense": "1263000", "nonInterestIncome": "None", "otherNonOperatingIncome": "-55000", "depreciation": "None", "depreciationAndAmortization": "2825000", "incomeBeforeTax": "45266000", "incomeTaxExpense": "9517000", "interestAndDebtExpense": "None", "netIncomeFromContinuingOperations": "35749000", "comprehensiveIncomeNetOfTax": "None", "ebit": "46529000", "ebitda": "49354000", "netIncome": "35749000"}, {"fiscalDateEnding": "2021-09-30", "reportedCurrency": "USD", "grossProfit": "76512000", "totalRevenue": "176694000", "costOfRevenue": "100182000", "costofGoodsAndServicesSold": "100182000", "operatingIncome": "36394000", "sellingGeneralAndAdministrative": "11996000", "researchAndDevelopment": "16707000", "operatingExpenses": "40118000", "investmentIncomeNet": "None", "netInterestIncome": "-1218000", "interestIncome": "51000", "interestExpense": "1269000", "nonInterestIncome": "None", "otherNonOperatingIncome": "-912000", "depreciation": "None", "depreciationAndAmortization": "2657000", "incomeBeforeTax": "34213000", "incomeTaxExpense": "6698000", "interestAndDebtExpense": "None", "netIncomeFromContinuingOperations": "27515000", "comprehensiveIncomeNetOfTax": "None", "ebit": "36394000", "ebitda": "39051000", "netIncome": "27515000"}, {"fiscalDateEnding": "2021-06-30", "reportedCurrency": "USD", "grossProfit": "64014000", "totalRevenue": "147274000", "costOfRevenue": "83260000", "costofGoodsAndServicesSold": "83260000", "operatingIncome": "23997000", "sellingGeneralAndAdministrative": "11217000", "researchAndDevelopment": "16623000", "operatingExpenses": "40017000", "investmentIncomeNet": "None", "netInterestIncome": "-1234000", "interestIncome": "40000", "interestExpense": "1274000", "nonInterestIncome": "None", "otherNonOperatingIncome": "25000", "depreciation": "None", "depreciationAndAmortization": "2691000", "incomeBeforeTax": "22748000", "incomeTaxExpense": "3842000", "interestAndDebtExpense": "None", "netIncomeFromContinuingOperations": "18906000", "comprehensiveIncomeNetOfTax": "None", "ebit": "24022000", "ebitda": "26713000", "netIncome": "18906000"}, {"fiscalDateEnding": "2021-03-31", "reportedCurrency": "USD", "grossProfit": "56435000", "totalRevenue": "132776000", "costOfRevenue": "76341000", "costofGoodsAndServicesSold": "76341000", "operatingIncome": "20350000", "sellingGeneralAndAdministrative": "10013000", "researchAndDevelopment": "15685000", "operatingExpenses": "36085000", "investmentIncomeNet": "None", "netInterestIncome": "-996000", "interestIncome": "33000", "interestExpense": "1029000", "nonInterestIncome": "None", "otherNonOperatingIncome": "-1120000", "depreciation": "None", "depreciationAndAmortization": "2645000", "incomeBeforeTax": "18201000", "incomeTaxExpense": "1721000", "interestAndDebtExpense": "None", "netIncomeFromContinuingOperations": "16480000", "comprehensiveIncomeNetOfTax": "None", "ebit": "20350000", "ebitda": "22995000", "netIncome": "16480000"}, {"fiscalDateEnding": "2020-12-31", "reportedCurrency": "USD", "grossProfit": "52975000", "totalRevenue": "122199000", "costOfRevenue": "69224000", "costofGoodsAndServicesSold": "69224000", "operatingIncome": "14075000", "sellingGeneralAndAdministrative": "11238000", "researchAndDevelopment": "16320000", "operatingExpenses": "38900000", "investmentIncomeNet": "None", "netInterestIncome": "-1233000", "interestIncome": "80000", "interestExpense": "1313000", "nonInterestIncome": "None", "otherNonOperatingIncome": "1697000", "depreciation": "None", "depreciationAndAmortization": "2593000", "incomeBeforeTax": "14459000", "incomeTaxExpense": "-215000", "interestAndDebtExpense": "None", "netIncomeFromContinuingOperations": "14674000", "comprehensiveIncomeNetOfTax": "None", "ebit": "15772000", "ebitda": "18365000", "netIncome": "14674000"}, {"fiscalDateEnding": "2020-09-30", "reportedCurrency": "USD", "grossProfit": "48161000", "totalRevenue": "110405000", "costOfRevenue": "62244000", "costofGoodsAndServicesSold": "62244000", "operatingIncome": "13882000", "sellingGeneralAndAdministrative": "9649000", "researchAndDevelopment": "14867000", "operatingExpenses": "34279000", "investmentIncomeNet": "None", "netInterestIncome": "-1190000", "interestIncome": "106000", "interestExpense": "1296000", "nonInterestIncome": "None", "otherNonOperatingIncome": "1006000", "depreciation": "None", "depreciationAndAmortization": "2517000", "incomeBeforeTax": "13592000", "incomeTaxExpense": "2807000", "interestAndDebtExpense": "None", "netIncomeFromContinuingOperations": "10785000", "comprehensiveIncomeNetOfTax": "None", "ebit": "13882000", "ebitda": "16399000", "netIncome": "10785000"}, {"fiscalDateEnding": "2020-06-30", "reportedCurrency": "USD", "grossProfit": "51899000", "totalRevenue": "122965000", "costOfRevenue": "71066000", "costofGoodsAndServicesSold": "71066000", "operatingIncome": "16381000", "sellingGeneralAndAdministrative": "10041000", "researchAndDevelopment": "16040000", "operatingExpenses": "35518000", "investmentIncomeNet": "None", "netInterestIncome": "-1229000", "interestIncome": "70000", "interestExpense": "1299000", "nonInterestIncome": "None", "otherNonOperatingIncome": "491000", "depreciation": "None", "depreciationAndAmortization": "2466000", "incomeBeforeTax": "15573000", "incomeTaxExpense": "2271000", "interestAndDebtExpense": "None", "netIncomeFromContinuingOperations": "13302000", "comprehensiveIncomeNetOfTax": "None", "ebit": "16381000", "ebitda": "18847000", "netIncome": "13302000"}, {"fiscalDateEnding": "2020-03-31", "reportedCurrency": "USD", "grossProfit": "45549000", "totalRevenue": "118991000", "costOfRevenue": "73442000", "costofGoodsAndServicesSold": "73442000", "operatingIncome": "13703000", "sellingGeneralAndAdministrative": "9036000", "researchAndDevelopment": "14606000", "operatingExpenses": "31846000", "investmentIncomeNet": "None", "netInterestIncome": "-821000", "interestIncome": "482000", "interestExpense": "1303000", "nonInterestIncome": "None", "otherNonOperatingIncome": "-138000", "depreciation": "None", "depreciationAndAmortization": "2363000", "incomeBeforeTax": "12262000", "incomeTaxExpense": "1041000", "interestAndDebtExpense": "None", "netIncomeFromContinuingOperations": "11221000", "comprehensiveIncomeNetOfTax": "None", "ebit": "13565000", "ebitda": "15928000", "netIncome": "11221000"}, {"fiscalDateEnding": "2019-12-31", "reportedCurrency": "USD", "grossProfit": "44316000", "totalRevenue": "107723000", "costOfRevenue": "63407000", "costofGoodsAndServicesSold": "63407000", "operatingIncome": "13212000", "sellingGeneralAndAdministrative": "8629000", "researchAndDevelopment": "13596000", "operatingExpenses": "31104000", "investmentIncomeNet": "None", "netInterestIncome": "-724000", "interestIncome": "582000", "interestExpense": "1306000", "nonInterestIncome": "None", "otherNonOperatingIncome": "751000", "depreciation": "None", "depreciationAndAmortization": "2297000", "incomeBeforeTax": "12657000", "incomeTaxExpense": "2945000", "interestAndDebtExpense": "None", "netIncomeFromContinuingOperations": "9712000", "comprehensiveIncomeNetOfTax": "None", "ebit": "13963000", "ebitda": "16260000", "netIncome": "9712000"}, {"fiscalDateEnding": "2019-09-30", "reportedCurrency": "USD", "grossProfit": "30581000", "totalRevenue": "69453000", "costOfRevenue": "38872000", "costofGoodsAndServicesSold": "38872000", "operatingIncome": "1887000", "sellingGeneralAndAdministrative": "7707000", "researchAndDevelopment": "12930000", "operatingExpenses": "28694000", "investmentIncomeNet": "None", "netInterestIncome": "-621000", "interestIncome": "687000", "interestExpense": "1308000", "nonInterestIncome": "None", "otherNonOperatingIncome": "-203000", "depreciation": "None", "depreciationAndAmortization": "1983000", "incomeBeforeTax": "376000", "incomeTaxExpense": "-328000", "interestAndDebtExpense": "None", "netIncomeFromContinuingOperations": "704000", "comprehensiveIncomeNetOfTax": "None", "ebit": "1887000", "ebitda": "3870000", "netIncome": "704000"}, {"fiscalDateEnding": "2019-06-30", "reportedCurrency": "USD", "grossProfit": "31749000", "totalRevenue": "74305000", "costOfRevenue": "42556000", "costofGoodsAndServicesSold": "42556000", "operatingIncome": "2010000", "sellingGeneralAndAdministrative": "7583000", "researchAndDevelopment": "13720000", "operatingExpenses": "29739000", "investmentIncomeNet": "None", "netInterestIncome": "-466000", "interestIncome": "845000", "interestExpense": "1311000", "nonInterestIncome": "None", "otherNonOperatingIncome": "656000", "depreciation": "None", "depreciationAndAmortization": "1985000", "incomeBeforeTax": "1355000", "incomeTaxExpense": "799000", "interestAndDebtExpense": "None", "netIncomeFromContinuingOperations": "556000", "comprehensiveIncomeNetOfTax": "None", "ebit": "2666000", "ebitda": "4651000", "netIncome": "556000"}, {"fiscalDateEnding": "2019-03-31", "reportedCurrency": "USD", "grossProfit": "37506000", "totalRevenue": "91477000", "costOfRevenue": "53971000", "costofGoodsAndServicesSold": "53971000", "operatingIncome": "7096000", "sellingGeneralAndAdministrative": "7807000", "researchAndDevelopment": "13685000", "operatingExpenses": "30410000", "investmentIncomeNet": "None", "netInterestIncome": "-389000", "interestIncome": "389000", "interestExpense": "1230000", "nonInterestIncome": "None", "otherNonOperatingIncome": "668000", "depreciation": "None", "depreciationAndAmortization": "1615000", "incomeBeforeTax": "6534000", "incomeTaxExpense": "472000", "interestAndDebtExpense": "None", "netIncomeFromContinuingOperations": "6062000", "comprehensiveIncomeNetOfTax": "None", "ebit": "7096000", "ebitda": "8711000", "netIncome": "6062000"}, {"fiscalDateEnding": "2018-12-31", "reportedCurrency": "USD", "grossProfit": "43567000", "totalRevenue": "105683000", "costOfRevenue": "62116000", "costofGoodsAndServicesSold": "62116000", "operatingIncome": "11522000", "sellingGeneralAndAdministrative": "8438000", "researchAndDevelopment": "14245000", "operatingExpenses": "32045000", "investmentIncomeNet": "None", "netInterestIncome": "None", "interestIncome": "None", "interestExpense": "1323000", "nonInterestIncome": "None", "otherNonOperatingIncome": "48000", "depreciation": "None", "depreciationAndAmortization": "1564000", "incomeBeforeTax": "10247000", "incomeTaxExpense": "1784000", "interestAndDebtExpense": "None", "netIncomeFromContinuingOperations": "8463000", "comprehensiveIncomeNetOfTax": "None", "ebit": "11570000", "ebitda": "13134000", "netIncome": "8463000"}, {"fiscalDateEnding": "2018-09-30", "reportedCurrency": "USD", "grossProfit": "39913000", "totalRevenue": "95374000", "costOfRevenue": "55461000", "costofGoodsAndServicesSold": "55461000", "operatingIncome": "10668000", "sellingGeneralAndAdministrative": "8477000", "researchAndDevelopment": "12845000", "operatingExpenses": "29245000", "investmentIncomeNet": "None", "netInterestIncome": "None", "interestIncome": "None", "interestExpense": "1323000", "nonInterestIncome": "None", "otherNonOperatingIncome": "1000", "depreciation": "None", "depreciationAndAmortization": "1432000", "incomeBeforeTax": "9346000", "incomeTaxExpense": "508000", "interestAndDebtExpense": "None", "netIncomeFromContinuingOperations": "8838000", "comprehensiveIncomeNetOfTax": "None", "ebit": "10669000", "ebitda": "12101000", "netIncome": "8838000"}, {"fiscalDateEnding": "2018-06-30", "reportedCurrency": "USD", "grossProfit": "49000000", "totalRevenue": "119333000", "costOfRevenue": "70333000", "costofGoodsAndServicesSold": "70333000", "operatingIncome": "19267000", "sellingGeneralAndAdministrative": "8268000", "researchAndDevelopment": "12553000", "operatingExpenses": "29733000", "investmentIncomeNet": "None", "netInterestIncome": "None", "interestIncome": "None", "interestExpense": "1127000", "nonInterestIncome": "None", "otherNonOperatingIncome": "-501000", "depreciation": "None", "depreciationAndAmortization": "1328000", "incomeBeforeTax": "17639000", "incomeTaxExpense": "2970000", "interestAndDebtExpense": "None", "netIncomeFromContinuingOperations": "14669000", "comprehensiveIncomeNetOfTax": "None", "ebit": "18766000", "ebitda": "20094000", "netIncome": "14669000"}, {"fiscalDateEnding": "2018-03-31", "reportedCurrency": "USD", "grossProfit": "47156000", "totalRevenue": "122185000", "costOfRevenue": "75029000", "costofGoodsAndServicesSold": "75029000", "operatingIncome": "18502000", "sellingGeneralAndAdministrative": "8010000", "researchAndDevelopment": "12233000", "operatingExpenses": "28654000", "investmentIncomeNet": "None", "netInterestIncome": "None", "interestIncome": "None", "interestExpense": "1337000", "nonInterestIncome": "None", "otherNonOperatingIncome": "308000", "depreciation": "None", "depreciationAndAmortization": "1448000", "incomeBeforeTax": "17473000", "incomeTaxExpense": "3558000", "interestAndDebtExpense": "None", "netIncomeFromContinuingOperations": "13915000", "comprehensiveIncomeNetOfTax": "None", "ebit": "18810000", "ebitda": "20258000", "netIncome": "13915000"}, {"fiscalDateEnding": "2017-12-31", "reportedCurrency": "USD", "grossProfit": "36720000", "totalRevenue": "116396000", "costOfRevenue": "79676000", "costofGoodsAndServicesSold": "79676000", "operatingIncome": "10764000", "sellingGeneralAndAdministrative": "7842000", "researchAndDevelopment": "10917000", "operatingExpenses": "25956000", "investmentIncomeNet": "None", "netInterestIncome": "None", "interestIncome": "None", "interestExpense": "1337000", "nonInterestIncome": "None", "otherNonOperatingIncome": "711000", "depreciation": "None", "depreciationAndAmortization": "1250000", "incomeBeforeTax": "10138000", "incomeTaxExpense": "-81542000", "interestAndDebtExpense": "None", "netIncomeFromContinuingOperations": "91680000", "comprehensiveIncomeNetOfTax": "None", "ebit": "10764000", "ebitda": "12014000", "netIncome": "91680000"}, {"fiscalDateEnding": "2017-09-30", "reportedCurrency": "USD", "grossProfit": "39751000", "totalRevenue": "104482000", "costOfRevenue": "64731000", "costofGoodsAndServicesSold": "64731000", "operatingIncome": "13835000", "sellingGeneralAndAdministrative": "8112000", "researchAndDevelopment": "11003000", "operatingExpenses": "25916000", "investmentIncomeNet": "None", "netInterestIncome": "None", "interestIncome": "None", "interestExpense": "1337000", "nonInterestIncome": "None", "otherNonOperatingIncome": "357000", "depreciation": "None", "depreciationAndAmortization": "1320000", "incomeBeforeTax": "12855000", "incomeTaxExpense": "1014000", "interestAndDebtExpense": "None", "netIncomeFromContinuingOperations": "11841000", "comprehensiveIncomeNetOfTax": "None", "ebit": "13835000", "ebitda": "15155000", "netIncome": "11841000"}, {"fiscalDateEnding": "2017-06-30", "reportedCurrency": "USD", "grossProfit": "39062000", "totalRevenue": "102790000", "costOfRevenue": "63728000", "costofGoodsAndServicesSold": "63728000", "operatingIncome": "12530000", "sellingGeneralAndAdministrative": "7791000", "researchAndDevelopment": "11256000", "operatingExpenses": "26532000", "investmentIncomeNet": "None", "netInterestIncome": "None", "interestIncome": "None", "interestExpense": "1336000", "nonInterestIncome": "None", "otherNonOperatingIncome": "127000", "depreciation": "None", "depreciationAndAmortization": "1255000", "incomeBeforeTax": "11321000", "incomeTaxExpense": "-2611000", "interestAndDebtExpense": "None", "netIncomeFromContinuingOperations": "13932000", "comprehensiveIncomeNetOfTax": "None", "ebit": "12657000", "ebitda": "13912000", "netIncome": "13932000"}, {"fiscalDateEnding": "2017-03-31", "reportedCurrency": "USD", "grossProfit": "34714000", "totalRevenue": "86893000", "costOfRevenue": "52179000", "costofGoodsAndServicesSold": "52179000", "operatingIncome": "10713000", "sellingGeneralAndAdministrative": "7057000", "researchAndDevelopment": "9895000", "operatingExpenses": "24001000", "investmentIncomeNet": "None", "netInterestIncome": "None", "interestIncome": "None", "interestExpense": "1111000", "nonInterestIncome": "None", "otherNonOperatingIncome": "-85000", "depreciation": "None", "depreciationAndAmortization": "1177000", "incomeBeforeTax": "9517000", "incomeTaxExpense": "11000", "interestAndDebtExpense": "None", "netIncomeFromContinuingOperations": "9506000", "comprehensiveIncomeNetOfTax": "None", "ebit": "10628000", "ebitda": "11805000", "netIncome": "9506000"}, {"fiscalDateEnding": "2016-12-31", "reportedCurrency": "USD", "grossProfit": "26947000", "totalRevenue": "69358000", "costOfRevenue": "42411000", "costofGoodsAndServicesSold": "42411000", "operatingIncome": "5865000", "sellingGeneralAndAdministrative": "6190000", "researchAndDevelopment": "8795000", "operatingExpenses": "21082000", "investmentIncomeNet": "None", "netInterestIncome": "None", "interestIncome": "None", "interestExpense": "1346000", "nonInterestIncome": "None", "otherNonOperatingIncome": "-335000", "depreciation": "None", "depreciationAndAmortization": "1065000", "incomeBeforeTax": "4184000", "incomeTaxExpense": "219000", "interestAndDebtExpense": "None", "netIncomeFromContinuingOperations": "3965000", "comprehensiveIncomeNetOfTax": "None", "ebit": "5865000", "ebitda": "6930000", "netIncome": "3965000"}, {"fiscalDateEnding": "2016-09-30", "reportedCurrency": "USD", "grossProfit": "24104000", "totalRevenue": "65650000", "costOfRevenue": "41546000", "costofGoodsAndServicesSold": "41546000", "operatingIncome": "3631000", "sellingGeneralAndAdministrative": "5988000", "researchAndDevelopment": "8493000", "operatingExpenses": "20473000", "investmentIncomeNet": "None", "netInterestIncome": "None", "interestIncome": "None", "interestExpense": "1342000", "nonInterestIncome": "None", "otherNonOperatingIncome": "-2000", "depreciation": "None", "depreciationAndAmortization": "1132000", "incomeBeforeTax": "2287000", "incomeTaxExpense": "136000", "interestAndDebtExpense": "None", "netIncomeFromContinuingOperations": "2151000", "comprehensiveIncomeNetOfTax": "None", "ebit": "3629000", "ebitda": "4761000", "netIncome": "2151000"}, {"fiscalDateEnding": "2016-06-30", "reportedCurrency": "USD", "grossProfit": "25131000", "totalRevenue": "64451000", "costOfRevenue": "39320000", "costofGoodsAndServicesSold": "39320000", "operatingIncome": "4631000", "sellingGeneralAndAdministrative": "6232000", "researchAndDevelopment": "8478000", "operatingExpenses": "20500000", "investmentIncomeNet": "None", "netInterestIncome": "None", "interestIncome": "None", "interestExpense": "1338000", "nonInterestIncome": "None", "otherNonOperatingIncome": "-184000", "depreciation": "None", "depreciationAndAmortization": "1143000", "incomeBeforeTax": "3109000", "incomeTaxExpense": "172000", "interestAndDebtExpense": "None", "netIncomeFromContinuingOperations": "2937000", "comprehensiveIncomeNetOfTax": "None", "ebit": "4631000", "ebitda": "5774000", "netIncome": "2937000"}, {"fiscalDateEnding": "2016-03-31", "reportedCurrency": "USD", "grossProfit": "23416000", "totalRevenue": "67521000", "costOfRevenue": "44105000", "costofGoodsAndServicesSold": "44105000", "operatingIncome": "2496000", "sellingGeneralAndAdministrative": "6042000", "researchAndDevelopment": "8636000", "operatingExpenses": "20638000", "investmentIncomeNet": "None", "netInterestIncome": "None", "interestIncome": "None", "interestExpense": "1047000", "nonInterestIncome": "None", "otherNonOperatingIncome": "-5000", "depreciation": "None", "depreciationAndAmortization": "918000", "incomeBeforeTax": "1444000", "incomeTaxExpense": "-504000", "interestAndDebtExpense": "None", "netIncomeFromContinuingOperations": "1948000", "comprehensiveIncomeNetOfTax": "None", "ebit": "2778000", "ebitda": "3696000", "netIncome": "1948000"}, {"fiscalDateEnding": "2015-12-31", "reportedCurrency": "USD", "grossProfit": "21973000", "totalRevenue": "70458000", "costOfRevenue": "48485000", "costofGoodsAndServicesSold": "48485000", "operatingIncome": "2406000", "sellingGeneralAndAdministrative": "6143000", "researchAndDevelopment": "7907000", "operatingExpenses": "19567000", "investmentIncomeNet": "None", "netInterestIncome": "None", "interestIncome": "None", "interestExpense": "1349000", "nonInterestIncome": "None", "otherNonOperatingIncome": "-2000", "depreciation": "None", "depreciationAndAmortization": "1261000", "incomeBeforeTax": "1055000", "incomeTaxExpense": "229000", "interestAndDebtExpense": "None", "netIncomeFromContinuingOperations": "826000", "comprehensiveIncomeNetOfTax": "None", "ebit": "2406000", "ebitda": "3667000", "netIncome": "826000"}, {"fiscalDateEnding": "2015-09-30", "reportedCurrency": "USD", "grossProfit": "29179000", "totalRevenue": "79317000", "costOfRevenue": "50138000", "costofGoodsAndServicesSold": "50138000", "operatingIncome": "7692000", "sellingGeneralAndAdministrative": "6584000", "researchAndDevelopment": "8581000", "operatingExpenses": "21487000", "investmentIncomeNet": "None", "netInterestIncome": "None", "interestIncome": "None", "interestExpense": "1274000", "nonInterestIncome": "None", "otherNonOperatingIncome": "-160000", "depreciation": "None", "depreciationAndAmortization": "1310000", "incomeBeforeTax": "6258000", "incomeTaxExpense": "157000", "interestAndDebtExpense": "None", "netIncomeFromContinuingOperations": "6101000", "comprehensiveIncomeNetOfTax": "None", "ebit": "7692000", "ebitda": "9002000", "netIncome": "6101000"}, {"fiscalDateEnding": "2015-06-30", "reportedCurrency": "USD", "grossProfit": "27174000", "totalRevenue": "78437000", "costOfRevenue": "51263000", "costofGoodsAndServicesSold": "51263000", "operatingIncome": "7178000", "sellingGeneralAndAdministrative": "6231000", "researchAndDevelopment": "7899000", "operatingExpenses": "19988000", "investmentIncomeNet": "None", "netInterestIncome": "None", "interestIncome": "None", "interestExpense": "1310000", "nonInterestIncome": "None", "otherNonOperatingIncome": "55000", "depreciation": "None", "depreciationAndAmortization": "1156000", "incomeBeforeTax": "5923000", "incomeTaxExpense": "40000", "interestAndDebtExpense": "None", "netIncomeFromContinuingOperations": "5883000", "comprehensiveIncomeNetOfTax": "None", "ebit": "7186000", "ebitda": "8342000", "netIncome": "5883000"}, {"fiscalDateEnding": "2015-03-31", "reportedCurrency": "USD", "grossProfit": "23380000", "totalRevenue": "73283000", "costOfRevenue": "49903000", "costofGoodsAndServicesSold": "49903000", "operatingIncome": "3442000", "sellingGeneralAndAdministrative": "6101000", "researchAndDevelopment": "8199000", "operatingExpenses": "19928000", "investmentIncomeNet": "None", "netInterestIncome": "None", "interestIncome": "None", "interestExpense": "1043000", "nonInterestIncome": "None", "otherNonOperatingIncome": "-430000", "depreciation": "None", "depreciationAndAmortization": "1142000", "incomeBeforeTax": "1969000", "incomeTaxExpense": "101000", "interestAndDebtExpense": "None", "netIncomeFromContinuingOperations": "1868000", "comprehensiveIncomeNetOfTax": "None", "ebit": "3452000", "ebitda": "4594000", "netIncome": "1868000"}, {"fiscalDateEnding": "2014-12-31", "reportedCurrency": "USD", "grossProfit": "18797000", "totalRevenue": "62530000", "costOfRevenue": "43733000", "costofGoodsAndServicesSold": "43733000", "operatingIncome": "431000", "sellingGeneralAndAdministrative": "5602000", "researchAndDevelopment": "7481000", "operatingExpenses": "18393000", "investmentIncomeNet": "None", "netInterestIncome": "None", "interestIncome": "None", "interestExpense": "257000", "nonInterestIncome": "None", "otherNonOperatingIncome": "275000", "depreciation": "None", "depreciationAndAmortization": "1145000", "incomeBeforeTax": "450000", "incomeTaxExpense": "285000", "interestAndDebtExpense": "None", "netIncomeFromContinuingOperations": "164000", "comprehensiveIncomeNetOfTax": "None", "ebit": "407000", "ebitda": "1552000", "netIncome": "165000"}, {"fiscalDateEnding": "2014-09-30", "reportedCurrency": "USD", "grossProfit": "15144000", "totalRevenue": "38531000", "costOfRevenue": "23387000", "costofGoodsAndServicesSold": "23387000", "operatingIncome": "-5365000", "sellingGeneralAndAdministrative": "5380000", "researchAndDevelopment": "7950000", "operatingExpenses": "18221000", "investmentIncomeNet": "None", "netInterestIncome": "None", "interestIncome": "None", "interestExpense": "304000", "nonInterestIncome": "None", "otherNonOperatingIncome": "1354000", "depreciation": "None", "depreciationAndAmortization": "1142000", "incomeBeforeTax": "-4315000", "incomeTaxExpense": "389000", "interestAndDebtExpense": "None", "netIncomeFromContinuingOperations": "-4704000", "comprehensiveIncomeNetOfTax": "None", "ebit": "-3077000", "ebitda": "-1935000", "netIncome": "-4704000"}, {"fiscalDateEnding": "2014-06-30", "reportedCurrency": "USD", "grossProfit": "14484000", "totalRevenue": "41150000", "costOfRevenue": "26666000", "costofGoodsAndServicesSold": "26666000", "operatingIncome": "-6052000", "sellingGeneralAndAdministrative": "6494000", "researchAndDevelopment": "8845000", "operatingExpenses": "20376000", "investmentIncomeNet": "None", "netInterestIncome": "None", "interestIncome": "None", "interestExpense": "257000", "nonInterestIncome": "None", "otherNonOperatingIncome": "-360000", "depreciation": "None", "depreciationAndAmortization": "1159000", "incomeBeforeTax": "-6669000", "incomeTaxExpense": "231000", "interestAndDebtExpense": "None", "netIncomeFromContinuingOperations": "-6900000", "comprehensiveIncomeNetOfTax": "None", "ebit": "-5892000", "ebitda": "-4733000", "netIncome": "-6900000"}, {"fiscalDateEnding": "2014-03-31", "reportedCurrency": "USD", "grossProfit": "21740000", "totalRevenue": "60840000", "costOfRevenue": "39100000", "costofGoodsAndServicesSold": "39100000", "operatingIncome": "326000", "sellingGeneralAndAdministrative": "6481000", "researchAndDevelopment": "9257000", "operatingExpenses": "21214000", "investmentIncomeNet": "None", "netInterestIncome": "None", "interestIncome": "None", "interestExpense": "251000", "nonInterestIncome": "None", "otherNonOperatingIncome": "294000", "depreciation": "None", "depreciationAndAmortization": "1140000", "incomeBeforeTax": "369000", "incomeTaxExpense": "195000", "interestAndDebtExpense": "None", "netIncomeFromContinuingOperations": "174000", "comprehensiveIncomeNetOfTax": "None", "ebit": "526000", "ebitda": "1666000", "netIncome": "174000"}, {"fiscalDateEnding": "2013-12-31", "reportedCurrency": "USD", "grossProfit": "21280000", "totalRevenue": "58574000", "costOfRevenue": "37294000", "costofGoodsAndServicesSold": "37294000", "operatingIncome": "1044000", "sellingGeneralAndAdministrative": "6306000", "researchAndDevelopment": "8899000", "operatingExpenses": "20236000", "investmentIncomeNet": "None", "netInterestIncome": "None", "interestIncome": "None", "interestExpense": "149000", "nonInterestIncome": "None", "otherNonOperatingIncome": "-301000", "depreciation": "None", "depreciationAndAmortization": "1127000", "incomeBeforeTax": "529000", "incomeTaxExpense": "-85000", "interestAndDebtExpense": "None", "netIncomeFromContinuingOperations": "613000", "comprehensiveIncomeNetOfTax": "None", "ebit": "1044000", "ebitda": "2171000", "netIncome": "614000"}, {"fiscalDateEnding": "2013-09-30", "reportedCurrency": "USD", "grossProfit": "16976000", "totalRevenue": "48831000", "costOfRevenue": "31855000", "costofGoodsAndServicesSold": "31855000", "operatingIncome": "-2778000", "sellingGeneralAndAdministrative": "6164000", "researchAndDevelopment": "8148000", "operatingExpenses": "19642000", "investmentIncomeNet": "None", "netInterestIncome": "None", "interestIncome": "None", "interestExpense": "193000", "nonInterestIncome": "None", "otherNonOperatingIncome": "-1249000", "depreciation": "None", "depreciationAndAmortization": "1229000", "incomeBeforeTax": "-4220000", "incomeTaxExpense": "530000", "interestAndDebtExpense": "None", "netIncomeFromContinuingOperations": "-4750000", "comprehensiveIncomeNetOfTax": "None", "ebit": "-4007000", "ebitda": "-2778000", "netIncome": "-4750000"}, {"fiscalDateEnding": "2013-06-30", "reportedCurrency": "USD", "grossProfit": "16737000", "totalRevenue": "47501000", "costOfRevenue": "30764000", "costofGoodsAndServicesSold": "30764000", "operatingIncome": "-3394000", "sellingGeneralAndAdministrative": "6412000", "researchAndDevelopment": "8503000", "operatingExpenses": "20509000", "investmentIncomeNet": "None", "netInterestIncome": "None", "interestIncome": "None", "interestExpense": "51000", "nonInterestIncome": "None", "otherNonOperatingIncome": "-311000", "depreciation": "None", "depreciationAndAmortization": "1325000", "incomeBeforeTax": "-3756000", "incomeTaxExpense": "263000", "interestAndDebtExpense": "None", "netIncomeFromContinuingOperations": "-4019000", "comprehensiveIncomeNetOfTax": "None", "ebit": "-3772000", "ebitda": "-2447000", "netIncome": "-4019000"}, {"fiscalDateEnding": "2013-03-31", "reportedCurrency": "USD", "grossProfit": "12943000", "totalRevenue": "40726000", "costOfRevenue": "27783000", "costofGoodsAndServicesSold": "27783000", "operatingIncome": "-9487000", "sellingGeneralAndAdministrative": "6590000", "researchAndDevelopment": "9206000", "operatingExpenses": "20997000", "investmentIncomeNet": "None", "netInterestIncome": "None", "interestIncome": "None", "interestExpense": "3000", "nonInterestIncome": "None", "otherNonOperatingIncome": "832000", "depreciation": "None", "depreciationAndAmortization": "1394000", "incomeBeforeTax": "-8655000", "incomeTaxExpense": "333000", "interestAndDebtExpense": "None", "netIncomeFromContinuingOperations": "-8988000", "comprehensiveIncomeNetOfTax": "None", "ebit": "-8655000", "ebitda": "-7261000", "netIncome": "-8988000"}, {"fiscalDateEnding": "2012-12-31", "reportedCurrency": "USD", "grossProfit": "480000", "totalRevenue": "44624000", "costOfRevenue": "44144000", "costofGoodsAndServicesSold": "44144000", "operatingIncome": "-14123000", "sellingGeneralAndAdministrative": "5943000", "researchAndDevelopment": "8402000", "operatingExpenses": "21949000", "investmentIncomeNet": "None", "netInterestIncome": "None", "interestIncome": "None", "interestExpense": "18000", "nonInterestIncome": "None", "otherNonOperatingIncome": "-477000", "depreciation": "None", "depreciationAndAmortization": "1458000", "incomeBeforeTax": "-14601000", "incomeTaxExpense": "217000", "interestAndDebtExpense": "None", "netIncomeFromContinuingOperations": "-14817000", "comprehensiveIncomeNetOfTax": "None", "ebit": "-21504000", "ebitda": "-20046000", "netIncome": "-14818000"}, {"fiscalDateEnding": "2012-09-30", "reportedCurrency": "USD", "grossProfit": "14367000", "totalRevenue": "44640000", "costOfRevenue": "30273000", "costofGoodsAndServicesSold": "30273000", "operatingIncome": "-7857000", "sellingGeneralAndAdministrative": "6325000", "researchAndDevelopment": "9851000", "operatingExpenses": "21646000", "investmentIncomeNet": "None", "netInterestIncome": "None", "interestIncome": "None", "interestExpense": "9000", "nonInterestIncome": "None", "otherNonOperatingIncome": "-618000", "depreciation": "None", "depreciationAndAmortization": "1794000", "incomeBeforeTax": "-8475000", "incomeTaxExpense": "243000", "interestAndDebtExpense": "None", "netIncomeFromContinuingOperations": "-8718000", "comprehensiveIncomeNetOfTax": "None", "ebit": "-8475000", "ebitda": "-6681000", "netIncome": "-8718000"}, {"fiscalDateEnding": "2012-06-30", "reportedCurrency": "USD", "grossProfit": "22788000", "totalRevenue": "59114000", "costOfRevenue": "36326000", "costofGoodsAndServicesSold": "36326000", "operatingIncome": "-562000", "sellingGeneralAndAdministrative": "6488000", "researchAndDevelopment": "10478000", "operatingExpenses": "23197000", "investmentIncomeNet": "None", "netInterestIncome": "None", "interestIncome": "None", "interestExpense": "9000", "nonInterestIncome": "None", "otherNonOperatingIncome": "560000", "depreciation": "None", "depreciationAndAmortization": "1729000", "incomeBeforeTax": "-2000", "incomeTaxExpense": "469000", "interestAndDebtExpense": "None", "netIncomeFromContinuingOperations": "-471000", "comprehensiveIncomeNetOfTax": "None", "ebit": "-2000", "ebitda": "1727000", "netIncome": "-471000"}, {"fiscalDateEnding": "2012-03-31", "reportedCurrency": "USD", "grossProfit": "20536000", "totalRevenue": "55006000", "costOfRevenue": "34470000", "costofGoodsAndServicesSold": "34470000", "operatingIncome": "-8396000", "sellingGeneralAndAdministrative": "7799000", "researchAndDevelopment": "11669000", "operatingExpenses": "26051000", "investmentIncomeNet": "None", "netInterestIncome": "None", "interestIncome": "None", "interestExpense": "9000", "nonInterestIncome": "None", "otherNonOperatingIncome": "-915000", "depreciation": "None", "depreciationAndAmortization": "1896000", "incomeBeforeTax": "-9311000", "incomeTaxExpense": "717000", "interestAndDebtExpense": "None", "netIncomeFromContinuingOperations": "-10028000", "comprehensiveIncomeNetOfTax": "None", "ebit": "-10292000", "ebitda": "-8396000", "netIncome": "-10028000"}, {"fiscalDateEnding": "2011-12-31", "reportedCurrency": "USD", "grossProfit": "22623000", "totalRevenue": "60411000", "costOfRevenue": "37788000", "costofGoodsAndServicesSold": "37788000", "operatingIncome": "-1286000", "sellingGeneralAndAdministrative": "5245000", "researchAndDevelopment": "12140000", "operatingExpenses": "23909000", "investmentIncomeNet": "None", "netInterestIncome": "None", "interestIncome": "None", "interestExpense": "18000", "nonInterestIncome": "None", "otherNonOperatingIncome": "None", "depreciation": "None", "depreciationAndAmortization": "2317000", "incomeBeforeTax": "-926000", "incomeTaxExpense": "1187000", "interestAndDebtExpense": "None", "netIncomeFromContinuingOperations": "0", "comprehensiveIncomeNetOfTax": "None", "ebit": "-947000", "ebitda": "1370000", "netIncome": "-2113000"}, {"fiscalDateEnding": "2011-09-30", "reportedCurrency": "USD", "grossProfit": "26895000", "totalRevenue": "72455000", "costOfRevenue": "45560000", "costofGoodsAndServicesSold": "45560000", "operatingIncome": "-189000", "sellingGeneralAndAdministrative": "8458000", "researchAndDevelopment": "11389000", "operatingExpenses": "27084000", "investmentIncomeNet": "None", "netInterestIncome": "None", "interestIncome": "None", "interestExpense": "7000", "nonInterestIncome": "None", "otherNonOperatingIncome": "1570000", "depreciation": "None", "depreciationAndAmortization": "2171000", "incomeBeforeTax": "1381000", "incomeTaxExpense": "230000", "interestAndDebtExpense": "None", "netIncomeFromContinuingOperations": "1151000", "comprehensiveIncomeNetOfTax": "None", "ebit": "-189000", "ebitda": "1982000", "netIncome": "1151000"}, {"fiscalDateEnding": "2011-06-30", "reportedCurrency": "USD", "grossProfit": "34138000", "totalRevenue": "93380000", "costOfRevenue": "59242000", "costofGoodsAndServicesSold": "59242000", "operatingIncome": "6218000", "sellingGeneralAndAdministrative": "8416000", "researchAndDevelopment": "11829000", "operatingExpenses": "27920000", "investmentIncomeNet": "None", "netInterestIncome": "None", "interestIncome": "None", "interestExpense": "11000", "nonInterestIncome": "None", "otherNonOperatingIncome": "-1147000", "depreciation": "None", "depreciationAndAmortization": "2127000", "incomeBeforeTax": "5071000", "incomeTaxExpense": "844000", "interestAndDebtExpense": "None", "netIncomeFromContinuingOperations": "4227000", "comprehensiveIncomeNetOfTax": "None", "ebit": "4091000", "ebitda": "6218000", "netIncome": "4227000"}, {"fiscalDateEnding": "2011-03-31", "reportedCurrency": "USD", "grossProfit": "31081000", "totalRevenue": "93170000", "costOfRevenue": "62089000", "costofGoodsAndServicesSold": "62089000", "operatingIncome": "2389000", "sellingGeneralAndAdministrative": "9055000", "researchAndDevelopment": "11818000", "operatingExpenses": "28692000", "investmentIncomeNet": "None", "netInterestIncome": "None", "interestIncome": "None", "interestExpense": "6000", "nonInterestIncome": "None", "otherNonOperatingIncome": "None", "depreciation": "None", "depreciationAndAmortization": "1882000", "incomeBeforeTax": "1945000", "incomeTaxExpense": "133000", "interestAndDebtExpense": "None", "netIncomeFromContinuingOperations": "0", "comprehensiveIncomeNetOfTax": "None", "ebit": "507000", "ebitda": "2389000", "netIncome": "1812000"}, {"fiscalDateEnding": "2010-12-31", "reportedCurrency": "USD", "grossProfit": "31493000", "totalRevenue": "93403000", "costOfRevenue": "61910000", "costofGoodsAndServicesSold": "61910000", "operatingIncome": "4180000", "sellingGeneralAndAdministrative": "9083000", "researchAndDevelopment": "11042000", "operatingExpenses": "27313000", "investmentIncomeNet": "None", "netInterestIncome": "None", "interestIncome": "None", "interestExpense": "27000", "nonInterestIncome": "None", "otherNonOperatingIncome": "None", "depreciation": "None", "depreciationAndAmortization": "1678000", "incomeBeforeTax": "2278000", "incomeTaxExpense": "-2052000", "interestAndDebtExpense": "None", "netIncomeFromContinuingOperations": "0", "comprehensiveIncomeNetOfTax": "None", "ebit": "2278000", "ebitda": "3956000", "netIncome": "4330000"}, {"fiscalDateEnding": "2010-09-30", "reportedCurrency": "USD", "grossProfit": "21470000", "totalRevenue": "75106000", "costOfRevenue": "53636000", "costofGoodsAndServicesSold": "53636000", "operatingIncome": "-3438000", "sellingGeneralAndAdministrative": "7885000", "researchAndDevelopment": "9872000", "operatingExpenses": "24908000", "investmentIncomeNet": "None", "netInterestIncome": "None", "interestIncome": "None", "interestExpense": "15000", "nonInterestIncome": "None", "otherNonOperatingIncome": "None", "depreciation": "None", "depreciationAndAmortization": "1656000", "incomeBeforeTax": "-5419000", "incomeTaxExpense": "854000", "interestAndDebtExpense": "None", "netIncomeFromContinuingOperations": "0", "comprehensiveIncomeNetOfTax": "None", "ebit": "-3438000", "ebitda": "-1782000", "netIncome": "-6273000"}, {"fiscalDateEnding": "2010-06-30", "reportedCurrency": "USD", "grossProfit": "19868000", "totalRevenue": "58203000", "costOfRevenue": "38335000", "costofGoodsAndServicesSold": "38335000", "operatingIncome": "-3679000", "sellingGeneralAndAdministrative": "7464000", "researchAndDevelopment": "9477000", "operatingExpenses": "23547000", "investmentIncomeNet": "None", "netInterestIncome": "None", "interestIncome": "None", "interestExpense": "25000", "nonInterestIncome": "None", "otherNonOperatingIncome": "None", "depreciation": "None", "depreciationAndAmortization": "1774000", "incomeBeforeTax": "-3312000", "incomeTaxExpense": "1217000", "interestAndDebtExpense": "None", "netIncomeFromContinuingOperations": "0", "comprehensiveIncomeNetOfTax": "None", "ebit": "-3679000", "ebitda": "-1905000", "netIncome": "-4529000"}, {"fiscalDateEnding": "2010-03-31", "reportedCurrency": "USD", "grossProfit": "13007000", "totalRevenue": "48500000", "costOfRevenue": "35493000", "costofGoodsAndServicesSold": "35493000", "operatingIncome": "-10430000", "sellingGeneralAndAdministrative": "7700000", "researchAndDevelopment": "9133000", "operatingExpenses": "23437000", "investmentIncomeNet": "None", "netInterestIncome": "None", "interestIncome": "None", "interestExpense": "29000", "nonInterestIncome": "None", "otherNonOperatingIncome": "None", "depreciation": "None", "depreciationAndAmortization": "1937000", "incomeBeforeTax": "-10808000", "incomeTaxExpense": "293000", "interestAndDebtExpense": "None", "netIncomeFromContinuingOperations": "0", "comprehensiveIncomeNetOfTax": "None", "ebit": "-10430000", "ebitda": "-8493000", "netIncome": "-11101000"}, {"fiscalDateEnding": "2009-12-31", "reportedCurrency": "USD", "grossProfit": "11351000", "totalRevenue": "38737000", "costOfRevenue": "27386000", "costofGoodsAndServicesSold": "27386000", "operatingIncome": "-9745000", "sellingGeneralAndAdministrative": "7012000", "researchAndDevelopment": "7726000", "operatingExpenses": "21083000", "investmentIncomeNet": "None", "netInterestIncome": "None", "interestIncome": "None", "interestExpense": "29000", "nonInterestIncome": "None", "otherNonOperatingIncome": "None", "depreciation": "None", "depreciationAndAmortization": "1843000", "incomeBeforeTax": "-10035000", "incomeTaxExpense": "1000", "interestAndDebtExpense": "None", "netIncomeFromContinuingOperations": "0", "comprehensiveIncomeNetOfTax": "None", "ebit": "-10035000", "ebitda": "-8192000", "netIncome": "-10036000"}, {"fiscalDateEnding": "2009-09-30", "reportedCurrency": "USD", "grossProfit": "7820000", "totalRevenue": "35007000", "costOfRevenue": "27187000", "costofGoodsAndServicesSold": "27187000", "operatingIncome": "-13832000", "sellingGeneralAndAdministrative": "7874000", "researchAndDevelopment": "7648000", "operatingExpenses": "21222000", "investmentIncomeNet": "None", "netInterestIncome": "None", "interestIncome": "None", "interestExpense": "59000", "nonInterestIncome": "None", "otherNonOperatingIncome": "None", "depreciation": "None", "depreciationAndAmortization": "1866000", "incomeBeforeTax": "-15454000", "incomeTaxExpense": "444000", "interestAndDebtExpense": "None", "netIncomeFromContinuingOperations": "0", "comprehensiveIncomeNetOfTax": "None", "ebit": "-15698000", "ebitda": "-13832000", "netIncome": "-15898000"}, {"fiscalDateEnding": "2009-06-30", "reportedCurrency": "USD", "grossProfit": "5886000", "totalRevenue": "33550000", "costOfRevenue": "27664000", "costofGoodsAndServicesSold": "27664000", "operatingIncome": "-20796000", "sellingGeneralAndAdministrative": "8531000", "researchAndDevelopment": "7752000", "operatingExpenses": "22568000", "investmentIncomeNet": "None", "netInterestIncome": "None", "interestIncome": "None", "interestExpense": "30000", "nonInterestIncome": "None", "otherNonOperatingIncome": "None", "depreciation": "None", "depreciationAndAmortization": "1866000", "incomeBeforeTax": "-22077000", "incomeTaxExpense": "302000", "interestAndDebtExpense": "None", "netIncomeFromContinuingOperations": "0", "comprehensiveIncomeNetOfTax": "None", "ebit": "-22662000", "ebitda": "-20796000", "netIncome": "-22379000"}, {"fiscalDateEnding": "2009-03-31", "reportedCurrency": "USD", "grossProfit": "3007000", "totalRevenue": "25728000", "costOfRevenue": "22721000", "costofGoodsAndServicesSold": "22721000", "operatingIncome": "-25061000", "sellingGeneralAndAdministrative": "10670000", "researchAndDevelopment": "9535000", "operatingExpenses": "27084000", "investmentIncomeNet": "None", "netInterestIncome": "None", "interestIncome": "None", "interestExpense": "1676000", "nonInterestIncome": "None", "otherNonOperatingIncome": "None", "depreciation": "None", "depreciationAndAmortization": "1861000", "incomeBeforeTax": "-29037000", "incomeTaxExpense": "118000", "interestAndDebtExpense": "None", "netIncomeFromContinuingOperations": "0", "comprehensiveIncomeNetOfTax": "None", "ebit": "-26922000", "ebitda": "-25061000", "netIncome": "-29155000"}, {"fiscalDateEnding": "2008-12-31", "reportedCurrency": "USD", "grossProfit": "-10850000", "totalRevenue": "41977000", "costOfRevenue": "52827000", "costofGoodsAndServicesSold": "52827000", "operatingIncome": "-137128000", "sellingGeneralAndAdministrative": "19615000", "researchAndDevelopment": "13582000", "operatingExpenses": "33853000", "investmentIncomeNet": "None", "netInterestIncome": "None", "interestIncome": "None", "interestExpense": "1739000", "nonInterestIncome": "None", "otherNonOperatingIncome": "None", "depreciation": "None", "depreciationAndAmortization": "6296000", "incomeBeforeTax": "-141703000", "incomeTaxExpense": "-257000", "interestAndDebtExpense": "None", "netIncomeFromContinuingOperations": "0", "comprehensiveIncomeNetOfTax": "None", "ebit": "-142862000", "ebitda": "-136566000", "netIncome": "-141446000"}, {"fiscalDateEnding": "2008-09-30", "reportedCurrency": "USD", "grossProfit": "17159000", "totalRevenue": "46454000", "costOfRevenue": "29295000", "costofGoodsAndServicesSold": "29295000", "operatingIncome": "-22757000", "sellingGeneralAndAdministrative": "10562000", "researchAndDevelopment": "15873000", "operatingExpenses": "39472000", "investmentIncomeNet": "None", "netInterestIncome": "None", "interestIncome": "None", "interestExpense": "1724000", "nonInterestIncome": "None", "otherNonOperatingIncome": "None", "depreciation": "None", "depreciationAndAmortization": "5856000", "incomeBeforeTax": "-24367000", "incomeTaxExpense": "374000", "interestAndDebtExpense": "None", "netIncomeFromContinuingOperations": "0", "comprehensiveIncomeNetOfTax": "None", "ebit": "-22313000", "ebitda": "-16457000", "netIncome": "-24741000"}, {"fiscalDateEnding": "2008-06-30", "reportedCurrency": "USD", "grossProfit": "27090000", "totalRevenue": "76889000", "costOfRevenue": "49799000", "costofGoodsAndServicesSold": "49799000", "operatingIncome": "-16890000", "sellingGeneralAndAdministrative": "10878000", "researchAndDevelopment": "16954000", "operatingExpenses": "40963000", "investmentIncomeNet": "None", "netInterestIncome": "None", "interestIncome": "None", "interestExpense": "1680000", "nonInterestIncome": "None", "otherNonOperatingIncome": "None", "depreciation": "None", "depreciationAndAmortization": "5755000", "incomeBeforeTax": "-19079000", "incomeTaxExpense": "318000", "interestAndDebtExpense": "None", "netIncomeFromContinuingOperations": "0", "comprehensiveIncomeNetOfTax": "None", "ebit": "-13873000", "ebitda": "-8118000", "netIncome": "-19397000"}, {"fiscalDateEnding": "2008-03-31", "reportedCurrency": "USD", "grossProfit": "29216000", "totalRevenue": "84894000", "costOfRevenue": "55678000", "costofGoodsAndServicesSold": "55678000", "operatingIncome": "-10063000", "sellingGeneralAndAdministrative": "9814000", "researchAndDevelopment": "16853000", "operatingExpenses": "39228000", "investmentIncomeNet": "None", "netInterestIncome": "None", "interestIncome": "None", "interestExpense": "1601000", "nonInterestIncome": "None", "otherNonOperatingIncome": "None", "depreciation": "None", "depreciationAndAmortization": "5664000", "incomeBeforeTax": "-10655000", "incomeTaxExpense": "426000", "interestAndDebtExpense": "None", "netIncomeFromContinuingOperations": "0", "comprehensiveIncomeNetOfTax": "None", "ebit": "-10012000", "ebitda": "-4348000", "netIncome": "-11081000"}, {"fiscalDateEnding": "2007-12-31", "reportedCurrency": "USD", "grossProfit": "31752000", "totalRevenue": "89648000", "costOfRevenue": "57896000", "costofGoodsAndServicesSold": "57896000", "operatingIncome": "-11500000", "sellingGeneralAndAdministrative": "22160000", "researchAndDevelopment": "17930000", "operatingExpenses": "40746000", "investmentIncomeNet": "None", "netInterestIncome": "None", "interestIncome": "None", "interestExpense": "1605000", "nonInterestIncome": "None", "otherNonOperatingIncome": "None", "depreciation": "None", "depreciationAndAmortization": "5850000", "incomeBeforeTax": "-10492000", "incomeTaxExpense": "126000", "interestAndDebtExpense": "None", "netIncomeFromContinuingOperations": "0", "comprehensiveIncomeNetOfTax": "None", "ebit": "-8994000", "ebitda": "-3144000", "netIncome": "-10618000"}, {"fiscalDateEnding": "2007-09-30", "reportedCurrency": "USD", "grossProfit": "36269000", "totalRevenue": "107553000", "costOfRevenue": "71284000", "costofGoodsAndServicesSold": "71284000", "operatingIncome": "-10111000", "sellingGeneralAndAdministrative": "10367000", "researchAndDevelopment": "18288000", "operatingExpenses": "46380000", "investmentIncomeNet": "None", "netInterestIncome": "None", "interestIncome": "None", "interestExpense": "1587000", "nonInterestIncome": "None", "otherNonOperatingIncome": "None", "depreciation": "None", "depreciationAndAmortization": "5580000", "incomeBeforeTax": "-8453000", "incomeTaxExpense": "-256000", "interestAndDebtExpense": "None", "netIncomeFromContinuingOperations": "0", "comprehensiveIncomeNetOfTax": "None", "ebit": "-10111000", "ebitda": "-4531000", "netIncome": "-8197000"}, {"fiscalDateEnding": "2007-06-30", "reportedCurrency": "USD", "grossProfit": "43590000", "totalRevenue": "110073000", "costOfRevenue": "66483000", "costofGoodsAndServicesSold": "66483000", "operatingIncome": "1996000", "sellingGeneralAndAdministrative": "10194000", "researchAndDevelopment": "17598000", "operatingExpenses": "41594000", "investmentIncomeNet": "None", "netInterestIncome": "None", "interestIncome": "None", "interestExpense": "1566000", "nonInterestIncome": "None", "otherNonOperatingIncome": "None", "depreciation": "None", "depreciationAndAmortization": "5365000", "incomeBeforeTax": "3756000", "incomeTaxExpense": "-988000", "interestAndDebtExpense": "None", "netIncomeFromContinuingOperations": "0", "comprehensiveIncomeNetOfTax": "None", "ebit": "-3369000", "ebitda": "1996000", "netIncome": "4744000"}, {"fiscalDateEnding": "2007-03-31", "reportedCurrency": "USD", "grossProfit": "41250000", "totalRevenue": "97526000", "costOfRevenue": "56276000", "costofGoodsAndServicesSold": "56276000", "operatingIncome": "-1048000", "sellingGeneralAndAdministrative": "10476000", "researchAndDevelopment": "18228000", "operatingExpenses": "42298000", "investmentIncomeNet": "None", "netInterestIncome": "None", "interestIncome": "None", "interestExpense": "1668000", "nonInterestIncome": "None", "otherNonOperatingIncome": "None", "depreciation": "None", "depreciationAndAmortization": "5116000", "incomeBeforeTax": "3381000", "incomeTaxExpense": "709000", "interestAndDebtExpense": "None", "netIncomeFromContinuingOperations": "0", "comprehensiveIncomeNetOfTax": "None", "ebit": "-1048000", "ebitda": "4068000", "netIncome": "2672000"}, {"fiscalDateEnding": "2006-12-31", "reportedCurrency": "USD", "grossProfit": "51264000", "totalRevenue": "123339000", "costOfRevenue": "72075000", "costofGoodsAndServicesSold": "72075000", "operatingIncome": "7710000", "sellingGeneralAndAdministrative": "46620000", "researchAndDevelopment": "18384000", "operatingExpenses": "43019000", "investmentIncomeNet": "None", "netInterestIncome": "None", "interestIncome": "None", "interestExpense": "9085000", "nonInterestIncome": "None", "otherNonOperatingIncome": "None", "depreciation": "None", "depreciationAndAmortization": "5104000", "incomeBeforeTax": "16022000", "incomeTaxExpense": "461000", "interestAndDebtExpense": "None", "netIncomeFromContinuingOperations": "0", "comprehensiveIncomeNetOfTax": "None", "ebit": "8245000", "ebitda": "13349000", "netIncome": "15561000"}, {"fiscalDateEnding": "2006-09-30", "reportedCurrency": "USD", "grossProfit": "53266000", "totalRevenue": "122817000", "costOfRevenue": "69551000", "costofGoodsAndServicesSold": "69551000", "operatingIncome": "11231000", "sellingGeneralAndAdministrative": "11986000", "researchAndDevelopment": "17597000", "operatingExpenses": "41982000", "investmentIncomeNet": "None", "netInterestIncome": "None", "interestIncome": "None", "interestExpense": "2570000", "nonInterestIncome": "None", "otherNonOperatingIncome": "None", "depreciation": "None", "depreciationAndAmortization": "4942000", "incomeBeforeTax": "13436000", "incomeTaxExpense": "916000", "interestAndDebtExpense": "None", "netIncomeFromContinuingOperations": "0", "comprehensiveIncomeNetOfTax": "None", "ebit": "11284000", "ebitda": "16226000", "netIncome": "12520000"}, {"fiscalDateEnding": "2006-06-30", "reportedCurrency": "USD", "grossProfit": "47942000", "totalRevenue": "117640000", "costOfRevenue": "69698000", "costofGoodsAndServicesSold": "69698000", "operatingIncome": "5737000", "sellingGeneralAndAdministrative": "11419000", "researchAndDevelopment": "18191000", "operatingExpenses": "41806000", "investmentIncomeNet": "None", "netInterestIncome": "None", "interestIncome": "None", "interestExpense": "2446000", "nonInterestIncome": "None", "otherNonOperatingIncome": "None", "depreciation": "None", "depreciationAndAmortization": "5140000", "incomeBeforeTax": "12691000", "incomeTaxExpense": "547000", "interestAndDebtExpense": "None", "netIncomeFromContinuingOperations": "0", "comprehensiveIncomeNetOfTax": "None", "ebit": "6136000", "ebitda": "11276000", "netIncome": "12144000"}, {"fiscalDateEnding": "2006-03-31", "reportedCurrency": "USD", "grossProfit": "39042000", "totalRevenue": "97921000", "costOfRevenue": "58879000", "costofGoodsAndServicesSold": "58879000", "operatingIncome": "-937000", "sellingGeneralAndAdministrative": "10853000", "researchAndDevelopment": "18212000", "operatingExpenses": "40284000", "investmentIncomeNet": "None", "netInterestIncome": "None", "interestIncome": "None", "interestExpense": "1641000", "nonInterestIncome": "None", "otherNonOperatingIncome": "None", "depreciation": "None", "depreciationAndAmortization": "4951000", "incomeBeforeTax": "634000", "incomeTaxExpense": "89000", "interestAndDebtExpense": "None", "netIncomeFromContinuingOperations": "0", "comprehensiveIncomeNetOfTax": "None", "ebit": "-1242000", "ebitda": "3709000", "netIncome": "545000"}, {"fiscalDateEnding": "2005-12-31", "reportedCurrency": "USD", "grossProfit": "37991000", "totalRevenue": "92944000", "costOfRevenue": "54953000", "costofGoodsAndServicesSold": "54953000", "operatingIncome": "-4330000", "sellingGeneralAndAdministrative": "45631000", "researchAndDevelopment": "19743000", "operatingExpenses": "41251000", "investmentIncomeNet": "None", "netInterestIncome": "None", "interestIncome": "None", "interestExpense": "6634000", "nonInterestIncome": "None", "otherNonOperatingIncome": "None", "depreciation": "None", "depreciationAndAmortization": "6061000", "incomeBeforeTax": "-619000", "incomeTaxExpense": "716000", "interestAndDebtExpense": "None", "netIncomeFromContinuingOperations": "0", "comprehensiveIncomeNetOfTax": "None", "ebit": "-3260000", "ebitda": "2801000", "netIncome": "-1335000"}, {"fiscalDateEnding": "2005-09-30", "reportedCurrency": "USD", "grossProfit": "35703000", "totalRevenue": "87382000", "costOfRevenue": "51679000", "costofGoodsAndServicesSold": "51679000", "operatingIncome": "-6894000", "sellingGeneralAndAdministrative": "11994000", "researchAndDevelopment": "17755000", "operatingExpenses": "41052000", "investmentIncomeNet": "None", "netInterestIncome": "None", "interestIncome": "None", "interestExpense": "1661000", "nonInterestIncome": "None", "otherNonOperatingIncome": "None", "depreciation": "None", "depreciationAndAmortization": "5556000", "incomeBeforeTax": "-5220000", "incomeTaxExpense": "-53000", "interestAndDebtExpense": "None", "netIncomeFromContinuingOperations": "0", "comprehensiveIncomeNetOfTax": "None", "ebit": "-5349000", "ebitda": "207000", "netIncome": "-5167000"}]}