{"symbol": "HPE", "annualReports": [{"fiscalDateEnding": "2025-10-31", "reportedCurrency": "USD", "grossProfit": "9866000000", "totalRevenue": "34296000000", "costOfRevenue": "24430000000", "costofGoodsAndServicesSold": "24430000000", "operatingIncome": "1644000000", "sellingGeneralAndAdministrative": "5704000000", "researchAndDevelopment": "2518000000", "operatingExpenses": "8222000000", "investmentIncomeNet": "None", "netInterestIncome": "-175000000", "interestIncome": "96000000", "interestExpense": "175000000", "nonInterestIncome": "None", "otherNonOperatingIncome": "None", "depreciation": "None", "depreciationAndAmortization": "2737000000", "incomeBeforeTax": "-285000000", "incomeTaxExpense": "-342000000", "interestAndDebtExpense": "None", "netIncomeFromContinuingOperations": "57000000", "comprehensiveIncomeNetOfTax": "None", "ebit": "-110000000", "ebitda": "2627000000", "netIncome": "57000000"}, {"fiscalDateEnding": "2024-10-31", "reportedCurrency": "USD", "grossProfit": "9552000000", "totalRevenue": "30068000000", "costOfRevenue": "20516000000", "costofGoodsAndServicesSold": "20516000000", "operatingIncome": "2435000000", "sellingGeneralAndAdministrative": "4871000000", "researchAndDevelopment": "2246000000", "operatingExpenses": "7117000000", "investmentIncomeNet": "None", "netInterestIncome": "-117000000", "interestIncome": "30000000", "interestExpense": "117000000", "nonInterestIncome": "None", "otherNonOperatingIncome": "None", "depreciation": "None", "depreciationAndAmortization": "2564000000", "incomeBeforeTax": "2953000000", "incomeTaxExpense": "374000000", "interestAndDebtExpense": "None", "netIncomeFromContinuingOperations": "2579000000", "comprehensiveIncomeNetOfTax": "None", "ebit": "2999000000", "ebitda": "5563000000", "netIncome": "2579000000"}, {"fiscalDateEnding": "2023-10-31", "reportedCurrency": "USD", "grossProfit": "9923000000", "totalRevenue": "29107000000", "costOfRevenue": "19184000000", "costofGoodsAndServicesSold": "19184000000", "operatingIncome": "2414000000", "sellingGeneralAndAdministrative": "5160000000", "researchAndDevelopment": "2349000000", "operatingExpenses": "7509000000", "investmentIncomeNet": "None", "netInterestIncome": "-156000000", "interestIncome": "89000000", "interestExpense": "104000000", "nonInterestIncome": "None", "otherNonOperatingIncome": "None", "depreciation": "None", "depreciationAndAmortization": "2616000000", "incomeBeforeTax": "2230000000", "incomeTaxExpense": "205000000", "interestAndDebtExpense": "None", "netIncomeFromContinuingOperations": "2025000000", "comprehensiveIncomeNetOfTax": "None", "ebit": "2230000000", "ebitda": "4846000000", "netIncome": "2025000000"}, {"fiscalDateEnding": "2022-10-31", "reportedCurrency": "USD", "grossProfit": "8825000000", "totalRevenue": "28108000000", "costOfRevenue": "19283000000", "costofGoodsAndServicesSold": "19283000000", "operatingIncome": "1839000000", "sellingGeneralAndAdministrative": "4941000000", "researchAndDevelopment": "2045000000", "operatingExpenses": "6986000000", "investmentIncomeNet": "None", "netInterestIncome": "-188000000", "interestIncome": "27000000", "interestExpense": "1045000000", "nonInterestIncome": "None", "otherNonOperatingIncome": "215000000", "depreciation": "None", "depreciationAndAmortization": "2480000000", "incomeBeforeTax": "876000000", "incomeTaxExpense": "8000000", "interestAndDebtExpense": "None", "netIncomeFromContinuingOperations": "868000000", "comprehensiveIncomeNetOfTax": "None", "ebit": "1921000000", "ebitda": "4401000000", "netIncome": "868000000"}, {"fiscalDateEnding": "2021-10-31", "reportedCurrency": "USD", "grossProfit": "9103000000", "totalRevenue": "27865000000", "costOfRevenue": "18762000000", "costofGoodsAndServicesSold": "18762000000", "operatingIncome": "2195000000", "sellingGeneralAndAdministrative": "4929000000", "researchAndDevelopment": "1979000000", "operatingExpenses": "6908000000", "investmentIncomeNet": "None", "netInterestIncome": "-211000000", "interestIncome": "31000000", "interestExpense": "138000000", "nonInterestIncome": "None", "otherNonOperatingIncome": "180000000", "depreciation": "None", "depreciationAndAmortization": "2597000000", "incomeBeforeTax": "3587000000", "incomeTaxExpense": "160000000", "interestAndDebtExpense": "None", "netIncomeFromContinuingOperations": "3427000000", "comprehensiveIncomeNetOfTax": "None", "ebit": "3725000000", "ebitda": "6322000000", "netIncome": "3427000000"}, {"fiscalDateEnding": "2020-10-31", "reportedCurrency": "USD", "grossProfit": "8052000000", "totalRevenue": "26944000000", "costOfRevenue": "18892000000", "costofGoodsAndServicesSold": "18892000000", "operatingIncome": "1554000000", "sellingGeneralAndAdministrative": "4624000000", "researchAndDevelopment": "1874000000", "operatingExpenses": "6498000000", "investmentIncomeNet": "None", "netInterestIncome": "-215000000", "interestIncome": "148000000", "interestExpense": "256000000", "nonInterestIncome": "None", "otherNonOperatingIncome": "67000000", "depreciation": "None", "depreciationAndAmortization": "2625000000", "incomeBeforeTax": "-442000000", "incomeTaxExpense": "-120000000", "interestAndDebtExpense": "None", "netIncomeFromContinuingOperations": "-322000000", "comprehensiveIncomeNetOfTax": "None", "ebit": "-186000000", "ebitda": "2439000000", "netIncome": "-322000000"}, {"fiscalDateEnding": "2019-10-31", "reportedCurrency": "USD", "grossProfit": "8993000000", "totalRevenue": "28902000000", "costOfRevenue": "19909000000", "costofGoodsAndServicesSold": "19909000000", "operatingIncome": "2244000000", "sellingGeneralAndAdministrative": "4907000000", "researchAndDevelopment": "1842000000", "operatingExpenses": "6749000000", "investmentIncomeNet": "None", "netInterestIncome": "-177000000", "interestIncome": "157000000", "interestExpense": "315000000", "nonInterestIncome": "None", "otherNonOperatingIncome": "-157000000", "depreciation": "None", "depreciationAndAmortization": "2535000000", "incomeBeforeTax": "1553000000", "incomeTaxExpense": "504000000", "interestAndDebtExpense": "None", "netIncomeFromContinuingOperations": "1049000000", "comprehensiveIncomeNetOfTax": "None", "ebit": "1868000000", "ebitda": "4403000000", "netIncome": "1049000000"}, {"fiscalDateEnding": "2018-10-31", "reportedCurrency": "USD", "grossProfit": "8961000000", "totalRevenue": "30876000000", "costOfRevenue": "21915000000", "costofGoodsAndServicesSold": "21915000000", "operatingIncome": "2373000000", "sellingGeneralAndAdministrative": "4851000000", "researchAndDevelopment": "1663000000", "operatingExpenses": "6588000000", "investmentIncomeNet": "None", "netInterestIncome": "-274000000", "interestIncome": "236000000", "interestExpense": "290000000", "nonInterestIncome": "None", "otherNonOperatingIncome": "-236000000", "depreciation": "None", "depreciationAndAmortization": "2576000000", "incomeBeforeTax": "268000000", "incomeTaxExpense": "-1744000000", "interestAndDebtExpense": "None", "netIncomeFromContinuingOperations": "2012000000", "comprehensiveIncomeNetOfTax": "None", "ebit": "558000000", "ebitda": "3134000000", "netIncome": "1908000000"}, {"fiscalDateEnding": "2017-10-31", "reportedCurrency": "USD", "grossProfit": "8441000000", "totalRevenue": "28939000000", "costOfRevenue": "20498000000", "costofGoodsAndServicesSold": "20498000000", "operatingIncome": "2013000000", "sellingGeneralAndAdministrative": "5012000000", "researchAndDevelopment": "1486000000", "operatingExpenses": "6428000000", "investmentIncomeNet": "None", "netInterestIncome": "-327000000", "interestIncome": "350000000", "interestExpense": "497000000", "nonInterestIncome": "None", "otherNonOperatingIncome": "-350000000", "depreciation": "None", "depreciationAndAmortization": "3051000000", "incomeBeforeTax": "272000000", "incomeTaxExpense": "-164000000", "interestAndDebtExpense": "None", "netIncomeFromContinuingOperations": "436000000", "comprehensiveIncomeNetOfTax": "None", "ebit": "769000000", "ebitda": "3820000000", "netIncome": "344000000"}, {"fiscalDateEnding": "2016-10-31", "reportedCurrency": "USD", "grossProfit": "9549000000", "totalRevenue": "30328000000", "costOfRevenue": "20779000000", "costofGoodsAndServicesSold": "20779000000", "operatingIncome": "2455000000", "sellingGeneralAndAdministrative": "5380000000", "researchAndDevelopment": "2298000000", "operatingExpenses": "7094000000", "investmentIncomeNet": "None", "netInterestIncome": "-312000000", "interestIncome": "360000000", "interestExpense": "298000000", "nonInterestIncome": "None", "otherNonOperatingIncome": "-388000000", "depreciation": "None", "depreciationAndAmortization": "3775000000", "incomeBeforeTax": "4079000000", "incomeTaxExpense": "623000000", "interestAndDebtExpense": "None", "netIncomeFromContinuingOperations": "3161000000", "comprehensiveIncomeNetOfTax": "None", "ebit": "4158000000", "ebitda": "7933000000", "netIncome": "3161000000"}, {"fiscalDateEnding": "2015-10-31", "reportedCurrency": "USD", "grossProfit": "13805000000", "totalRevenue": "51831000000", "costOfRevenue": "38026000000", "costofGoodsAndServicesSold": "38026000000", "operatingIncome": "3221000000", "sellingGeneralAndAdministrative": "5142000000", "researchAndDevelopment": "2338000000", "operatingExpenses": "10584000000", "investmentIncomeNet": "None", "netInterestIncome": "None", "interestIncome": "11000000", "interestExpense": "29000000", "nonInterestIncome": "None", "otherNonOperatingIncome": "-53000000", "depreciation": "None", "depreciationAndAmortization": "3947000000", "incomeBeforeTax": "1470000000", "incomeTaxExpense": "-705000000", "interestAndDebtExpense": "None", "netIncomeFromContinuingOperations": "2640000000", "comprehensiveIncomeNetOfTax": "None", "ebit": "1499000000", "ebitda": "5446000000", "netIncome": "2461000000"}, {"fiscalDateEnding": "2014-10-31", "reportedCurrency": "USD", "grossProfit": "14732000000", "totalRevenue": "55127000000", "costOfRevenue": "40395000000", "costofGoodsAndServicesSold": "40395000000", "operatingIncome": "3827000000", "sellingGeneralAndAdministrative": "10914000000", "researchAndDevelopment": "2197000000", "operatingExpenses": "10905000000", "investmentIncomeNet": "None", "netInterestIncome": "None", "interestIncome": "None", "interestExpense": "45000000", "nonInterestIncome": "None", "otherNonOperatingIncome": "None", "depreciation": "None", "depreciationAndAmortization": "4144000000", "incomeBeforeTax": "2244000000", "incomeTaxExpense": "596000000", "interestAndDebtExpense": "None", "netIncomeFromContinuingOperations": "1648000000", "comprehensiveIncomeNetOfTax": "None", "ebit": "2289000000", "ebitda": "6433000000", "netIncome": "1648000000"}, {"fiscalDateEnding": "2013-10-31", "reportedCurrency": "USD", "grossProfit": "14468000000", "totalRevenue": "57325000000", "costOfRevenue": "42857000000", "costofGoodsAndServicesSold": "42857000000", "operatingIncome": "3913000000", "sellingGeneralAndAdministrative": "10557000000", "researchAndDevelopment": "1956000000", "operatingExpenses": "10555000000", "investmentIncomeNet": "None", "netInterestIncome": "None", "interestIncome": "None", "interestExpense": "40000000", "nonInterestIncome": "None", "otherNonOperatingIncome": "None", "depreciation": "None", "depreciationAndAmortization": "4396000000", "incomeBeforeTax": "2871000000", "incomeTaxExpense": "820000000", "interestAndDebtExpense": "None", "netIncomeFromContinuingOperations": "None", "comprehensiveIncomeNetOfTax": "None", "ebit": "2911000000", "ebitda": "7307000000", "netIncome": "2051000000"}, {"fiscalDateEnding": "2012-10-31", "reportedCurrency": "USD", "grossProfit": "15202000000", "totalRevenue": "60986000000", "costOfRevenue": "45784000000", "costofGoodsAndServicesSold": "45784000000", "operatingIncome": "4408000000", "sellingGeneralAndAdministrative": "None", "researchAndDevelopment": "2120000000", "operatingExpenses": "10794000000", "investmentIncomeNet": "None", "netInterestIncome": "None", "interestIncome": "None", "interestExpense": "287000000", "nonInterestIncome": "None", "otherNonOperatingIncome": "None", "depreciation": "None", "depreciationAndAmortization": "4858000000", "incomeBeforeTax": "-14314000000", "incomeTaxExpense": "447000000", "interestAndDebtExpense": "None", "netIncomeFromContinuingOperations": "None", "comprehensiveIncomeNetOfTax": "None", "ebit": "-14027000000", "ebitda": "-9169000000", "netIncome": "-14761000000"}], "quarterlyReports": [{"fiscalDateEnding": "2025-10-31", "reportedCurrency": "USD", "grossProfit": "2948000000", "totalRevenue": "9696000000", "costOfRevenue": "6748000000", "costofGoodsAndServicesSold": "6748000000", "operatingIncome": "425000000", "sellingGeneralAndAdministrative": "1642000000", "researchAndDevelopment": "881000000", "operatingExpenses": "2523000000", "investmentIncomeNet": "None", "netInterestIncome": "-261000000", "interestIncome": "256000000", "interestExpense": "-9000000", "nonInterestIncome": "None", "otherNonOperatingIncome": "None", "depreciation": "None", "depreciationAndAmortization": "877000000", "incomeBeforeTax": "-261000000", "incomeTaxExpense": "-436000000", "interestAndDebtExpense": "None", "netIncomeFromContinuingOperations": "175000000", "comprehensiveIncomeNetOfTax": "None", "ebit": "-270000000", "ebitda": "607000000", "netIncome": "175000000"}, {"fiscalDateEnding": "2025-07-31", "reportedCurrency": "USD", "grossProfit": "2612000000", "totalRevenue": "9202000000", "costOfRevenue": "6590000000", "costofGoodsAndServicesSold": "6590000000", "operatingIncome": "494000000", "sellingGeneralAndAdministrative": "1496000000", "researchAndDevelopment": "622000000", "operatingExpenses": "2118000000", "investmentIncomeNet": "None", "netInterestIncome": "8000000", "interestIncome": "8000000", "interestExpense": "2000000", "nonInterestIncome": "None", "otherNonOperatingIncome": "None", "depreciation": "None", "depreciationAndAmortization": "687000000", "incomeBeforeTax": "288000000", "incomeTaxExpense": "-17000000", "interestAndDebtExpense": "None", "netIncomeFromContinuingOperations": "305000000", "comprehensiveIncomeNetOfTax": "None", "ebit": "290000000", "ebitda": "977000000", "netIncome": "305000000"}, {"fiscalDateEnding": "2025-04-30", "reportedCurrency": "USD", "grossProfit": "2093000000", "totalRevenue": "7588000000", "costOfRevenue": "5495000000", "costofGoodsAndServicesSold": "5495000000", "operatingIncome": "255000000", "sellingGeneralAndAdministrative": "1298000000", "researchAndDevelopment": "540000000", "operatingExpenses": "1838000000", "investmentIncomeNet": "None", "netInterestIncome": "39000000", "interestIncome": "64000000", "interestExpense": "None", "nonInterestIncome": "None", "otherNonOperatingIncome": "None", "depreciation": "None", "depreciationAndAmortization": "574000000", "incomeBeforeTax": "-1045000000", "incomeTaxExpense": "5000000", "interestAndDebtExpense": "None", "netIncomeFromContinuingOperations": "-1050000000", "comprehensiveIncomeNetOfTax": "None", "ebit": "-1045000000", "ebitda": "-471000000", "netIncome": "-1050000000"}, {"fiscalDateEnding": "2025-01-31", "reportedCurrency": "USD", "grossProfit": "2213000000", "totalRevenue": "7810000000", "costOfRevenue": "5597000000", "costofGoodsAndServicesSold": "5597000000", "operatingIncome": "470000000", "sellingGeneralAndAdministrative": "1268000000", "researchAndDevelopment": "475000000", "operatingExpenses": "1743000000", "investmentIncomeNet": "None", "netInterestIncome": "39000000", "interestIncome": "58000000", "interestExpense": "182000000", "nonInterestIncome": "None", "otherNonOperatingIncome": "None", "depreciation": "None", "depreciationAndAmortization": "599000000", "incomeBeforeTax": "733000000", "incomeTaxExpense": "106000000", "interestAndDebtExpense": "None", "netIncomeFromContinuingOperations": "627000000", "comprehensiveIncomeNetOfTax": "None", "ebit": "915000000", "ebitda": "1514000000", "netIncome": "627000000"}, {"fiscalDateEnding": "2024-10-31", "reportedCurrency": "USD", "grossProfit": "2561000000", "totalRevenue": "8482000000", "costOfRevenue": "5921000000", "costofGoodsAndServicesSold": "5921000000", "operatingIncome": "823000000", "sellingGeneralAndAdministrative": "1211000000", "researchAndDevelopment": "527000000", "operatingExpenses": "1738000000", "investmentIncomeNet": "None", "netInterestIncome": "5000000", "interestIncome": "9000000", "interestExpense": "22000000", "nonInterestIncome": "None", "otherNonOperatingIncome": "None", "depreciation": "None", "depreciationAndAmortization": "640000000", "incomeBeforeTax": "1417000000", "incomeTaxExpense": "51000000", "interestAndDebtExpense": "None", "netIncomeFromContinuingOperations": "1366000000", "comprehensiveIncomeNetOfTax": "None", "ebit": "1439000000", "ebitda": "2079000000", "netIncome": "1366000000"}, {"fiscalDateEnding": "2024-07-31", "reportedCurrency": "USD", "grossProfit": "2342000000", "totalRevenue": "7673000000", "costOfRevenue": "5331000000", "costofGoodsAndServicesSold": "5331000000", "operatingIncome": "566000000", "sellingGeneralAndAdministrative": "1229000000", "researchAndDevelopment": "547000000", "operatingExpenses": "1776000000", "investmentIncomeNet": "None", "netInterestIncome": "-12000000", "interestIncome": "None", "interestExpense": "12000000", "nonInterestIncome": "None", "otherNonOperatingIncome": "None", "depreciation": "None", "depreciationAndAmortization": "625000000", "incomeBeforeTax": "608000000", "incomeTaxExpense": "96000000", "interestAndDebtExpense": "None", "netIncomeFromContinuingOperations": "512000000", "comprehensiveIncomeNetOfTax": "None", "ebit": "608000000", "ebitda": "1233000000", "netIncome": "512000000"}, {"fiscalDateEnding": "2024-04-30", "reportedCurrency": "USD", "grossProfit": "2287000000", "totalRevenue": "7182000000", "costOfRevenue": "4895000000", "costofGoodsAndServicesSold": "4895000000", "operatingIncome": "482000000", "sellingGeneralAndAdministrative": "1215000000", "researchAndDevelopment": "590000000", "operatingExpenses": "1805000000", "investmentIncomeNet": "None", "netInterestIncome": "-22000000", "interestIncome": "None", "interestExpense": "172000000", "nonInterestIncome": "None", "otherNonOperatingIncome": "None", "depreciation": "None", "depreciationAndAmortization": "642000000", "incomeBeforeTax": "445000000", "incomeTaxExpense": "131000000", "interestAndDebtExpense": "None", "netIncomeFromContinuingOperations": "314000000", "comprehensiveIncomeNetOfTax": "None", "ebit": "617000000", "ebitda": "1259000000", "netIncome": "314000000"}, {"fiscalDateEnding": "2024-01-31", "reportedCurrency": "USD", "grossProfit": "2362000000", "totalRevenue": "6731000000", "costOfRevenue": "4369000000", "costofGoodsAndServicesSold": "4369000000", "operatingIncome": "564000000", "sellingGeneralAndAdministrative": "1216000000", "researchAndDevelopment": "582000000", "operatingExpenses": "1798000000", "investmentIncomeNet": "None", "netInterestIncome": "-88000000", "interestIncome": "None", "interestExpense": "88000000", "nonInterestIncome": "None", "otherNonOperatingIncome": "None", "depreciation": "None", "depreciationAndAmortization": "657000000", "incomeBeforeTax": "483000000", "incomeTaxExpense": "96000000", "interestAndDebtExpense": "None", "netIncomeFromContinuingOperations": "387000000", "comprehensiveIncomeNetOfTax": "None", "ebit": "483000000", "ebitda": "1140000000", "netIncome": "387000000"}, {"fiscalDateEnding": "2023-10-31", "reportedCurrency": "USD", "grossProfit": "2470000000", "totalRevenue": "7334000000", "costOfRevenue": "4864000000", "costofGoodsAndServicesSold": "4864000000", "operatingIncome": "560000000", "sellingGeneralAndAdministrative": "1332000000", "researchAndDevelopment": "578000000", "operatingExpenses": "1910000000", "investmentIncomeNet": "None", "netInterestIncome": "-27000000", "interestIncome": "None", "interestExpense": "324000000", "nonInterestIncome": "None", "otherNonOperatingIncome": "None", "depreciation": "None", "depreciationAndAmortization": "655000000", "incomeBeforeTax": "549000000", "incomeTaxExpense": "-93000000", "interestAndDebtExpense": "None", "netIncomeFromContinuingOperations": "642000000", "comprehensiveIncomeNetOfTax": "None", "ebit": "873000000", "ebitda": "1528000000", "netIncome": "642000000"}, {"fiscalDateEnding": "2023-07-31", "reportedCurrency": "USD", "grossProfit": "2454000000", "totalRevenue": "7018000000", "costOfRevenue": "4564000000", "costofGoodsAndServicesSold": "4564000000", "operatingIncome": "574000000", "sellingGeneralAndAdministrative": "1302000000", "researchAndDevelopment": "578000000", "operatingExpenses": "1880000000", "investmentIncomeNet": "None", "netInterestIncome": "-50000000", "interestIncome": "23000000", "interestExpense": "50000000", "nonInterestIncome": "None", "otherNonOperatingIncome": "23000000", "depreciation": "None", "depreciationAndAmortization": "654000000", "incomeBeforeTax": "536000000", "incomeTaxExpense": "72000000", "interestAndDebtExpense": "None", "netIncomeFromContinuingOperations": "464000000", "comprehensiveIncomeNetOfTax": "None", "ebit": "536000000", "ebitda": "1190000000", "netIncome": "464000000"}, {"fiscalDateEnding": "2023-04-30", "reportedCurrency": "USD", "grossProfit": "2464000000", "totalRevenue": "6996000000", "costOfRevenue": "4532000000", "costofGoodsAndServicesSold": "4532000000", "operatingIncome": "625000000", "sellingGeneralAndAdministrative": "1269000000", "researchAndDevelopment": "570000000", "operatingExpenses": "1839000000", "investmentIncomeNet": "None", "netInterestIncome": "-54000000", "interestIncome": "5000000", "interestExpense": "41000000", "nonInterestIncome": "None", "otherNonOperatingIncome": "-5000000", "depreciation": "None", "depreciationAndAmortization": "651000000", "incomeBeforeTax": "522000000", "incomeTaxExpense": "104000000", "interestAndDebtExpense": "None", "netIncomeFromContinuingOperations": "418000000", "comprehensiveIncomeNetOfTax": "None", "ebit": "563000000", "ebitda": "1214000000", "netIncome": "418000000"}, {"fiscalDateEnding": "2023-01-31", "reportedCurrency": "USD", "grossProfit": "2535000000", "totalRevenue": "7759000000", "costOfRevenue": "5224000000", "costofGoodsAndServicesSold": "5224000000", "operatingIncome": "655000000", "sellingGeneralAndAdministrative": "1257000000", "researchAndDevelopment": "623000000", "operatingExpenses": "1880000000", "investmentIncomeNet": "None", "netInterestIncome": "-25000000", "interestIncome": "33000000", "interestExpense": "365000000", "nonInterestIncome": "None", "otherNonOperatingIncome": "33000000", "depreciation": "None", "depreciationAndAmortization": "656000000", "incomeBeforeTax": "623000000", "incomeTaxExpense": "122000000", "interestAndDebtExpense": "None", "netIncomeFromContinuingOperations": "501000000", "comprehensiveIncomeNetOfTax": "None", "ebit": "623000000", "ebitda": "1279000000", "netIncome": "501000000"}, {"fiscalDateEnding": "2022-10-31", "reportedCurrency": "USD", "grossProfit": "2368000000", "totalRevenue": "7719000000", "costOfRevenue": "5351000000", "costofGoodsAndServicesSold": "5351000000", "operatingIncome": "591000000", "sellingGeneralAndAdministrative": "1262000000", "researchAndDevelopment": "515000000", "operatingExpenses": "1777000000", "investmentIncomeNet": "None", "netInterestIncome": "-109000000", "interestIncome": "26000000", "interestExpense": "382000000", "nonInterestIncome": "None", "otherNonOperatingIncome": "162000000", "depreciation": "None", "depreciationAndAmortization": "618000000", "incomeBeforeTax": "-357000000", "incomeTaxExpense": "-53000000", "interestAndDebtExpense": "None", "netIncomeFromContinuingOperations": "-304000000", "comprehensiveIncomeNetOfTax": "None", "ebit": "25000000", "ebitda": "643000000", "netIncome": "-304000000"}, {"fiscalDateEnding": "2022-07-31", "reportedCurrency": "USD", "grossProfit": "2209000000", "totalRevenue": "6837000000", "costOfRevenue": "4628000000", "costofGoodsAndServicesSold": "4628000000", "operatingIncome": "471000000", "sellingGeneralAndAdministrative": "1229000000", "researchAndDevelopment": "509000000", "operatingExpenses": "1738000000", "investmentIncomeNet": "None", "netInterestIncome": "-74000000", "interestIncome": "6000000", "interestExpense": "241000000", "nonInterestIncome": "None", "otherNonOperatingIncome": "-6000000", "depreciation": "None", "depreciationAndAmortization": "620000000", "incomeBeforeTax": "464000000", "incomeTaxExpense": "55000000", "interestAndDebtExpense": "None", "netIncomeFromContinuingOperations": "409000000", "comprehensiveIncomeNetOfTax": "None", "ebit": "705000000", "ebitda": "1325000000", "netIncome": "409000000"}, {"fiscalDateEnding": "2022-04-30", "reportedCurrency": "USD", "grossProfit": "2148000000", "totalRevenue": "6656000000", "costOfRevenue": "4508000000", "costofGoodsAndServicesSold": "4508000000", "operatingIncome": "382000000", "sellingGeneralAndAdministrative": "1249000000", "researchAndDevelopment": "517000000", "operatingExpenses": "1766000000", "investmentIncomeNet": "None", "netInterestIncome": "0", "interestIncome": "33000000", "interestExpense": "347000000", "nonInterestIncome": "None", "otherNonOperatingIncome": "33000000", "depreciation": "None", "depreciationAndAmortization": "621000000", "incomeBeforeTax": "276000000", "incomeTaxExpense": "26000000", "interestAndDebtExpense": "None", "netIncomeFromContinuingOperations": "250000000", "comprehensiveIncomeNetOfTax": "None", "ebit": "623000000", "ebitda": "1244000000", "netIncome": "250000000"}, {"fiscalDateEnding": "2022-01-31", "reportedCurrency": "USD", "grossProfit": "2206000000", "totalRevenue": "6896000000", "costOfRevenue": "4690000000", "costofGoodsAndServicesSold": "4690000000", "operatingIncome": "501000000", "sellingGeneralAndAdministrative": "1201000000", "researchAndDevelopment": "504000000", "operatingExpenses": "1705000000", "investmentIncomeNet": "None", "netInterestIncome": "-5000000", "interestIncome": "26000000", "interestExpense": "92000000", "nonInterestIncome": "None", "otherNonOperatingIncome": "26000000", "depreciation": "None", "depreciationAndAmortization": "621000000", "incomeBeforeTax": "493000000", "incomeTaxExpense": "-20000000", "interestAndDebtExpense": "None", "netIncomeFromContinuingOperations": "513000000", "comprehensiveIncomeNetOfTax": "None", "ebit": "585000000", "ebitda": "1206000000", "netIncome": "513000000"}, {"fiscalDateEnding": "2021-10-31", "reportedCurrency": "USD", "grossProfit": "2309000000", "totalRevenue": "7322000000", "costOfRevenue": "5013000000", "costofGoodsAndServicesSold": "5013000000", "operatingIncome": "527000000", "sellingGeneralAndAdministrative": "1159000000", "researchAndDevelopment": "502000000", "operatingExpenses": "1782000000", "investmentIncomeNet": "None", "netInterestIncome": "-106000000", "interestIncome": "35000000", "interestExpense": "176000000", "nonInterestIncome": "None", "otherNonOperatingIncome": "176000000", "depreciation": "None", "depreciationAndAmortization": "641000000", "incomeBeforeTax": "2688000000", "incomeTaxExpense": "135000000", "interestAndDebtExpense": "None", "netIncomeFromContinuingOperations": "2553000000", "comprehensiveIncomeNetOfTax": "None", "ebit": "2864000000", "ebitda": "3505000000", "netIncome": "2553000000"}, {"fiscalDateEnding": "2021-07-31", "reportedCurrency": "USD", "grossProfit": "2314000000", "totalRevenue": "6911000000", "costOfRevenue": "4597000000", "costofGoodsAndServicesSold": "4597000000", "operatingIncome": "517000000", "sellingGeneralAndAdministrative": "1291000000", "researchAndDevelopment": "506000000", "operatingExpenses": "1797000000", "investmentIncomeNet": "None", "netInterestIncome": "-50000000", "interestIncome": "29000000", "interestExpense": "66000000", "nonInterestIncome": "None", "otherNonOperatingIncome": "29000000", "depreciation": "None", "depreciationAndAmortization": "643000000", "incomeBeforeTax": "406000000", "incomeTaxExpense": "14000000", "interestAndDebtExpense": "None", "netIncomeFromContinuingOperations": "392000000", "comprehensiveIncomeNetOfTax": "None", "ebit": "472000000", "ebitda": "1115000000", "netIncome": "392000000"}, {"fiscalDateEnding": "2021-04-30", "reportedCurrency": "USD", "grossProfit": "2238000000", "totalRevenue": "6735000000", "costOfRevenue": "4497000000", "costofGoodsAndServicesSold": "4497000000", "operatingIncome": "536000000", "sellingGeneralAndAdministrative": "1199000000", "researchAndDevelopment": "503000000", "operatingExpenses": "1702000000", "investmentIncomeNet": "None", "netInterestIncome": "-11000000", "interestIncome": "7000000", "interestExpense": "42000000", "nonInterestIncome": "None", "otherNonOperatingIncome": "-7000000", "depreciation": "None", "depreciationAndAmortization": "639000000", "incomeBeforeTax": "288000000", "incomeTaxExpense": "29000000", "interestAndDebtExpense": "None", "netIncomeFromContinuingOperations": "259000000", "comprehensiveIncomeNetOfTax": "None", "ebit": "330000000", "ebitda": "969000000", "netIncome": "259000000"}, {"fiscalDateEnding": "2021-01-31", "reportedCurrency": "USD", "grossProfit": "2242000000", "totalRevenue": "6897000000", "costOfRevenue": "4655000000", "costofGoodsAndServicesSold": "4655000000", "operatingIncome": "615000000", "sellingGeneralAndAdministrative": "1159000000", "researchAndDevelopment": "468000000", "operatingExpenses": "1627000000", "investmentIncomeNet": "None", "netInterestIncome": "-44000000", "interestIncome": "18000000", "interestExpense": "44000000", "nonInterestIncome": "None", "otherNonOperatingIncome": "-18000000", "depreciation": "None", "depreciationAndAmortization": "674000000", "incomeBeforeTax": "205000000", "incomeTaxExpense": "-18000000", "interestAndDebtExpense": "None", "netIncomeFromContinuingOperations": "223000000", "comprehensiveIncomeNetOfTax": "None", "ebit": "205000000", "ebitda": "879000000", "netIncome": "223000000"}, {"fiscalDateEnding": "2020-10-31", "reportedCurrency": "USD", "grossProfit": "2185000000", "totalRevenue": "7267000000", "costOfRevenue": "5082000000", "costofGoodsAndServicesSold": "5082000000", "operatingIncome": "535000000", "sellingGeneralAndAdministrative": "3458000000", "researchAndDevelopment": "484000000", "operatingExpenses": "1650000000", "investmentIncomeNet": "None", "netInterestIncome": "-57000000", "interestIncome": "40000000", "interestExpense": "83000000", "nonInterestIncome": "None", "otherNonOperatingIncome": "175000000", "depreciation": "None", "depreciationAndAmortization": "652000000", "incomeBeforeTax": "125000000", "incomeTaxExpense": "-32000000", "interestAndDebtExpense": "None", "netIncomeFromContinuingOperations": "157000000", "comprehensiveIncomeNetOfTax": "None", "ebit": "208000000", "ebitda": "860000000", "netIncome": "157000000"}, {"fiscalDateEnding": "2020-07-31", "reportedCurrency": "USD", "grossProfit": "1949000000", "totalRevenue": "6793000000", "costOfRevenue": "4844000000", "costofGoodsAndServicesSold": "4844000000", "operatingIncome": "363000000", "sellingGeneralAndAdministrative": "1155000000", "researchAndDevelopment": "455000000", "operatingExpenses": "1586000000", "investmentIncomeNet": "None", "netInterestIncome": "-71000000", "interestIncome": "44000000", "interestExpense": "71000000", "nonInterestIncome": "None", "otherNonOperatingIncome": "-44000000", "depreciation": "None", "depreciationAndAmortization": "642000000", "incomeBeforeTax": "-34000000", "incomeTaxExpense": "-43000000", "interestAndDebtExpense": "None", "netIncomeFromContinuingOperations": "9000000", "comprehensiveIncomeNetOfTax": "None", "ebit": "-34000000", "ebitda": "608000000", "netIncome": "9000000"}, {"fiscalDateEnding": "2020-04-30", "reportedCurrency": "USD", "grossProfit": "1782000000", "totalRevenue": "5961000000", "costOfRevenue": "4179000000", "costofGoodsAndServicesSold": "4179000000", "operatingIncome": "223000000", "sellingGeneralAndAdministrative": "1116000000", "researchAndDevelopment": "450000000", "operatingExpenses": "1559000000", "investmentIncomeNet": "None", "netInterestIncome": "-68000000", "interestIncome": "78000000", "interestExpense": "234000000", "nonInterestIncome": "None", "otherNonOperatingIncome": "-78000000", "depreciation": "None", "depreciationAndAmortization": "641000000", "incomeBeforeTax": "-911000000", "incomeTaxExpense": "-90000000", "interestAndDebtExpense": "None", "netIncomeFromContinuingOperations": "-821000000", "comprehensiveIncomeNetOfTax": "None", "ebit": "-677000000", "ebitda": "-36000000", "netIncome": "-821000000"}, {"fiscalDateEnding": "2020-01-31", "reportedCurrency": "USD", "grossProfit": "2136000000", "totalRevenue": "6923000000", "costOfRevenue": "4787000000", "costofGoodsAndServicesSold": "4787000000", "operatingIncome": "433000000", "sellingGeneralAndAdministrative": "1218000000", "researchAndDevelopment": "485000000", "operatingExpenses": "1703000000", "investmentIncomeNet": "None", "netInterestIncome": "-19000000", "interestIncome": "14000000", "interestExpense": "62000000", "nonInterestIncome": "None", "otherNonOperatingIncome": "14000000", "depreciation": "None", "depreciationAndAmortization": "690000000", "incomeBeforeTax": "378000000", "incomeTaxExpense": "45000000", "interestAndDebtExpense": "None", "netIncomeFromContinuingOperations": "333000000", "comprehensiveIncomeNetOfTax": "None", "ebit": "440000000", "ebitda": "1130000000", "netIncome": "333000000"}, {"fiscalDateEnding": "2019-10-31", "reportedCurrency": "USD", "grossProfit": "2260000000", "totalRevenue": "7150000000", "costOfRevenue": "4890000000", "costofGoodsAndServicesSold": "4890000000", "operatingIncome": "593000000", "sellingGeneralAndAdministrative": "1229000000", "researchAndDevelopment": "438000000", "operatingExpenses": "1667000000", "investmentIncomeNet": "None", "netInterestIncome": "-38000000", "interestIncome": "39000000", "interestExpense": "85000000", "nonInterestIncome": "None", "otherNonOperatingIncome": "-39000000", "depreciation": "None", "depreciationAndAmortization": "616000000", "incomeBeforeTax": "723000000", "incomeTaxExpense": "243000000", "interestAndDebtExpense": "None", "netIncomeFromContinuingOperations": "480000000", "comprehensiveIncomeNetOfTax": "None", "ebit": "808000000", "ebitda": "1424000000", "netIncome": "480000000"}, {"fiscalDateEnding": "2019-07-31", "reportedCurrency": "USD", "grossProfit": "2348000000", "totalRevenue": "7174000000", "costOfRevenue": "4826000000", "costofGoodsAndServicesSold": "4826000000", "operatingIncome": "614000000", "sellingGeneralAndAdministrative": "1253000000", "researchAndDevelopment": "481000000", "operatingExpenses": "1734000000", "investmentIncomeNet": "None", "netInterestIncome": "-70000000", "interestIncome": "67000000", "interestExpense": "86000000", "nonInterestIncome": "None", "otherNonOperatingIncome": "-67000000", "depreciation": "None", "depreciationAndAmortization": "632000000", "incomeBeforeTax": "-265000000", "incomeTaxExpense": "-238000000", "interestAndDebtExpense": "None", "netIncomeFromContinuingOperations": "-27000000", "comprehensiveIncomeNetOfTax": "None", "ebit": "-179000000", "ebitda": "453000000", "netIncome": "-27000000"}, {"fiscalDateEnding": "2019-04-30", "reportedCurrency": "USD", "grossProfit": "2190000000", "totalRevenue": "7104000000", "costOfRevenue": "4914000000", "costofGoodsAndServicesSold": "4914000000", "operatingIncome": "519000000", "sellingGeneralAndAdministrative": "1214000000", "researchAndDevelopment": "457000000", "operatingExpenses": "1671000000", "investmentIncomeNet": "None", "netInterestIncome": "-18000000", "interestIncome": "15000000", "interestExpense": "40000000", "nonInterestIncome": "None", "otherNonOperatingIncome": "-15000000", "depreciation": "None", "depreciationAndAmortization": "648000000", "incomeBeforeTax": "440000000", "incomeTaxExpense": "21000000", "interestAndDebtExpense": "None", "netIncomeFromContinuingOperations": "419000000", "comprehensiveIncomeNetOfTax": "None", "ebit": "480000000", "ebitda": "1128000000", "netIncome": "419000000"}, {"fiscalDateEnding": "2019-01-31", "reportedCurrency": "USD", "grossProfit": "2194000000", "totalRevenue": "7473000000", "costOfRevenue": "5279000000", "costofGoodsAndServicesSold": "5279000000", "operatingIncome": "517000000", "sellingGeneralAndAdministrative": "1222000000", "researchAndDevelopment": "466000000", "operatingExpenses": "1677000000", "investmentIncomeNet": "None", "netInterestIncome": "None", "interestIncome": "None", "interestExpense": "104000000", "nonInterestIncome": "None", "otherNonOperatingIncome": "-36000000", "depreciation": "None", "depreciationAndAmortization": "639000000", "incomeBeforeTax": "655000000", "incomeTaxExpense": "478000000", "interestAndDebtExpense": "None", "netIncomeFromContinuingOperations": "177000000", "comprehensiveIncomeNetOfTax": "None", "ebit": "759000000", "ebitda": "1398000000", "netIncome": "177000000"}, {"fiscalDateEnding": "2018-10-31", "reportedCurrency": "USD", "grossProfit": "2309000000", "totalRevenue": "7888000000", "costOfRevenue": "5579000000", "costofGoodsAndServicesSold": "5579000000", "operatingIncome": "632000000", "sellingGeneralAndAdministrative": "1219000000", "researchAndDevelopment": "439000000", "operatingExpenses": "1677000000", "investmentIncomeNet": "None", "netInterestIncome": "None", "interestIncome": "None", "interestExpense": "123000000", "nonInterestIncome": "None", "otherNonOperatingIncome": "-96000000", "depreciation": "None", "depreciationAndAmortization": "645000000", "incomeBeforeTax": "576000000", "incomeTaxExpense": "1348000000", "interestAndDebtExpense": "None", "netIncomeFromContinuingOperations": "-772000000", "comprehensiveIncomeNetOfTax": "None", "ebit": "699000000", "ebitda": "1344000000", "netIncome": "-757000000"}, {"fiscalDateEnding": "2018-07-31", "reportedCurrency": "USD", "grossProfit": "2264000000", "totalRevenue": "7735000000", "costOfRevenue": "5471000000", "costofGoodsAndServicesSold": "5471000000", "operatingIncome": "608000000", "sellingGeneralAndAdministrative": "1221000000", "researchAndDevelopment": "434000000", "operatingExpenses": "1656000000", "investmentIncomeNet": "None", "netInterestIncome": "None", "interestIncome": "None", "interestExpense": "78000000", "nonInterestIncome": "None", "otherNonOperatingIncome": "-53000000", "depreciation": "None", "depreciationAndAmortization": "641000000", "incomeBeforeTax": "465000000", "incomeTaxExpense": "13000000", "interestAndDebtExpense": "None", "netIncomeFromContinuingOperations": "452000000", "comprehensiveIncomeNetOfTax": "None", "ebit": "543000000", "ebitda": "1184000000", "netIncome": "451000000"}, {"fiscalDateEnding": "2018-04-30", "reportedCurrency": "USD", "grossProfit": "2251000000", "totalRevenue": "7533000000", "costOfRevenue": "5282000000", "costofGoodsAndServicesSold": "5282000000", "operatingIncome": "603000000", "sellingGeneralAndAdministrative": "1245000000", "researchAndDevelopment": "402000000", "operatingExpenses": "1648000000", "investmentIncomeNet": "None", "netInterestIncome": "None", "interestIncome": "None", "interestExpense": "52000000", "nonInterestIncome": "None", "otherNonOperatingIncome": "-88000000", "depreciation": "None", "depreciationAndAmortization": "655000000", "incomeBeforeTax": "-116000000", "incomeTaxExpense": "-966000000", "interestAndDebtExpense": "None", "netIncomeFromContinuingOperations": "850000000", "comprehensiveIncomeNetOfTax": "None", "ebit": "-64000000", "ebitda": "591000000", "netIncome": "778000000"}, {"fiscalDateEnding": "2018-01-31", "reportedCurrency": "USD", "grossProfit": "2137000000", "totalRevenue": "7720000000", "costOfRevenue": "5583000000", "costofGoodsAndServicesSold": "5583000000", "operatingIncome": "530000000", "sellingGeneralAndAdministrative": "1218000000", "researchAndDevelopment": "388000000", "operatingExpenses": "1607000000", "investmentIncomeNet": "None", "netInterestIncome": "None", "interestIncome": "None", "interestExpense": "37000000", "nonInterestIncome": "None", "otherNonOperatingIncome": "1000000", "depreciation": "None", "depreciationAndAmortization": "635000000", "incomeBeforeTax": "-657000000", "incomeTaxExpense": "-2139000000", "interestAndDebtExpense": "None", "netIncomeFromContinuingOperations": "1482000000", "comprehensiveIncomeNetOfTax": "None", "ebit": "-620000000", "ebitda": "15000000", "netIncome": "1436000000"}, {"fiscalDateEnding": "2017-10-31", "reportedCurrency": "USD", "grossProfit": "2268000000", "totalRevenue": "7737000000", "costOfRevenue": "5469000000", "costofGoodsAndServicesSold": "5469000000", "operatingIncome": "680000000", "sellingGeneralAndAdministrative": "648000000", "researchAndDevelopment": "364000000", "operatingExpenses": "1588000000", "investmentIncomeNet": "None", "netInterestIncome": "None", "interestIncome": "None", "interestExpense": "68000000", "nonInterestIncome": "None", "otherNonOperatingIncome": "-66000000", "depreciation": "None", "depreciationAndAmortization": "682000000", "incomeBeforeTax": "-301000000", "incomeTaxExpense": "-648000000", "interestAndDebtExpense": "None", "netIncomeFromContinuingOperations": "408000000", "comprehensiveIncomeNetOfTax": "None", "ebit": "-233000000", "ebitda": "449000000", "netIncome": "524000000"}, {"fiscalDateEnding": "2017-07-31", "reportedCurrency": "USD", "grossProfit": "2143000000", "totalRevenue": "7546000000", "costOfRevenue": "5403000000", "costofGoodsAndServicesSold": "5403000000", "operatingIncome": "468000000", "sellingGeneralAndAdministrative": "1285000000", "researchAndDevelopment": "508000000", "operatingExpenses": "1675000000", "investmentIncomeNet": "None", "netInterestIncome": "None", "interestIncome": "None", "interestExpense": "116000000", "nonInterestIncome": "None", "otherNonOperatingIncome": "-96000000", "depreciation": "None", "depreciationAndAmortization": "737000000", "incomeBeforeTax": "61000000", "incomeTaxExpense": "-160000000", "interestAndDebtExpense": "None", "netIncomeFromContinuingOperations": "248000000", "comprehensiveIncomeNetOfTax": "None", "ebit": "241000000", "ebitda": "978000000", "netIncome": "165000000"}, {"fiscalDateEnding": "2017-04-30", "reportedCurrency": "USD", "grossProfit": "2409000000", "totalRevenue": "7443000000", "costOfRevenue": "5034000000", "costofGoodsAndServicesSold": "5034000000", "operatingIncome": "474000000", "sellingGeneralAndAdministrative": "1229000000", "researchAndDevelopment": "486000000", "operatingExpenses": "1935000000", "investmentIncomeNet": "None", "netInterestIncome": "None", "interestIncome": "None", "interestExpense": "77000000", "nonInterestIncome": "None", "otherNonOperatingIncome": "-88000000", "depreciation": "None", "depreciationAndAmortization": "792000000", "incomeBeforeTax": "101000000", "incomeTaxExpense": "591000000", "interestAndDebtExpense": "None", "netIncomeFromContinuingOperations": "-487000000", "comprehensiveIncomeNetOfTax": "None", "ebit": "178000000", "ebitda": "970000000", "netIncome": "-612000000"}, {"fiscalDateEnding": "2017-01-31", "reportedCurrency": "USD", "grossProfit": "3118000000", "totalRevenue": "11328000000", "costOfRevenue": "8210000000", "costofGoodsAndServicesSold": "8210000000", "operatingIncome": "874000000", "sellingGeneralAndAdministrative": "1204000000", "researchAndDevelopment": "485000000", "operatingExpenses": "2244000000", "investmentIncomeNet": "None", "netInterestIncome": "None", "interestIncome": "None", "interestExpense": "92000000", "nonInterestIncome": "None", "otherNonOperatingIncome": "-100000000", "depreciation": "None", "depreciationAndAmortization": "840000000", "incomeBeforeTax": "345000000", "incomeTaxExpense": "84000000", "interestAndDebtExpense": "None", "netIncomeFromContinuingOperations": "267000000", "comprehensiveIncomeNetOfTax": "None", "ebit": "437000000", "ebitda": "1277000000", "netIncome": "267000000"}, {"fiscalDateEnding": "2016-10-31", "reportedCurrency": "USD", "grossProfit": "3667000000", "totalRevenue": "12483000000", "costOfRevenue": "8816000000", "costofGoodsAndServicesSold": "8816000000", "operatingIncome": "1269000000", "sellingGeneralAndAdministrative": "1864000000", "researchAndDevelopment": "534000000", "operatingExpenses": "2398000000", "investmentIncomeNet": "None", "netInterestIncome": "None", "interestIncome": "None", "interestExpense": "80000000", "nonInterestIncome": "None", "otherNonOperatingIncome": "-104000000", "depreciation": "None", "depreciationAndAmortization": "872000000", "incomeBeforeTax": "990000000", "incomeTaxExpense": "688000000", "interestAndDebtExpense": "None", "netIncomeFromContinuingOperations": "302000000", "comprehensiveIncomeNetOfTax": "None", "ebit": "1103000000", "ebitda": "1975000000", "netIncome": "302000000"}, {"fiscalDateEnding": "2016-07-31", "reportedCurrency": "USD", "grossProfit": "3405000000", "totalRevenue": "12253000000", "costOfRevenue": "8848000000", "costofGoodsAndServicesSold": "8848000000", "operatingIncome": "912000000", "sellingGeneralAndAdministrative": "1938000000", "researchAndDevelopment": "555000000", "operatingExpenses": "2493000000", "investmentIncomeNet": "None", "netInterestIncome": "None", "interestIncome": "None", "interestExpense": "79000000", "nonInterestIncome": "None", "otherNonOperatingIncome": "-90000000", "depreciation": "None", "depreciationAndAmortization": "954000000", "incomeBeforeTax": "2407000000", "incomeTaxExpense": "107000000", "interestAndDebtExpense": "None", "netIncomeFromContinuingOperations": "2272000000", "comprehensiveIncomeNetOfTax": "None", "ebit": "912000000", "ebitda": "1866000000", "netIncome": "2272000000"}, {"fiscalDateEnding": "2016-04-30", "reportedCurrency": "USD", "grossProfit": "3042000000", "totalRevenue": "8509000000", "costOfRevenue": "5467000000", "costofGoodsAndServicesSold": "5467000000", "operatingIncome": "451000000", "sellingGeneralAndAdministrative": "2021000000", "researchAndDevelopment": "624000000", "operatingExpenses": "2269000000", "investmentIncomeNet": "None", "netInterestIncome": "None", "interestIncome": "None", "interestExpense": "52000000", "nonInterestIncome": "None", "otherNonOperatingIncome": "-129000000", "depreciation": "None", "depreciationAndAmortization": "960000000", "incomeBeforeTax": "363000000", "incomeTaxExpense": "8000000", "interestAndDebtExpense": "None", "netIncomeFromContinuingOperations": "320000000", "comprehensiveIncomeNetOfTax": "None", "ebit": "672000000", "ebitda": "1632000000", "netIncome": "320000000"}, {"fiscalDateEnding": "2016-01-31", "reportedCurrency": "USD", "grossProfit": "3612000000", "totalRevenue": "12724000000", "costOfRevenue": "9112000000", "costofGoodsAndServicesSold": "9112000000", "operatingIncome": "384000000", "sellingGeneralAndAdministrative": "1998000000", "researchAndDevelopment": "585000000", "operatingExpenses": "2801000000", "investmentIncomeNet": "None", "netInterestIncome": "None", "interestIncome": "None", "interestExpense": "80000000", "nonInterestIncome": "None", "otherNonOperatingIncome": "-65000000", "depreciation": "None", "depreciationAndAmortization": "989000000", "incomeBeforeTax": "319000000", "incomeTaxExpense": "52000000", "interestAndDebtExpense": "None", "netIncomeFromContinuingOperations": "267000000", "comprehensiveIncomeNetOfTax": "None", "ebit": "811000000", "ebitda": "1800000000", "netIncome": "267000000"}, {"fiscalDateEnding": "2015-10-31", "reportedCurrency": "USD", "grossProfit": "3985000000", "totalRevenue": "13448000000", "costOfRevenue": "9463000000", "costofGoodsAndServicesSold": "9463000000", "operatingIncome": "119000000", "sellingGeneralAndAdministrative": "2038000000", "researchAndDevelopment": "652000000", "operatingExpenses": "3866000000", "investmentIncomeNet": "None", "netInterestIncome": "None", "interestIncome": "None", "interestExpense": "2534000000", "nonInterestIncome": "None", "otherNonOperatingIncome": "None", "depreciation": "None", "depreciationAndAmortization": "988000000", "incomeBeforeTax": "110000000", "incomeTaxExpense": "-1275000000", "interestAndDebtExpense": "None", "netIncomeFromContinuingOperations": "2640000000", "comprehensiveIncomeNetOfTax": "None", "ebit": "1075000000", "ebitda": "2063000000", "netIncome": "1385000000"}, {"fiscalDateEnding": "2015-07-31", "reportedCurrency": "USD", "grossProfit": "3750000000", "totalRevenue": "13057000000", "costOfRevenue": "9307000000", "costofGoodsAndServicesSold": "9307000000", "operatingIncome": "244000000", "sellingGeneralAndAdministrative": "2040000000", "researchAndDevelopment": "602000000", "operatingExpenses": "3506000000", "investmentIncomeNet": "None", "netInterestIncome": "None", "interestIncome": "None", "interestExpense": "1274000000", "nonInterestIncome": "None", "otherNonOperatingIncome": "None", "depreciation": "None", "depreciationAndAmortization": "989000000", "incomeBeforeTax": "248000000", "incomeTaxExpense": "24000000", "interestAndDebtExpense": "None", "netIncomeFromContinuingOperations": "0", "comprehensiveIncomeNetOfTax": "None", "ebit": "883000000", "ebitda": "1872000000", "netIncome": "224000000"}, {"fiscalDateEnding": "2015-04-30", "reportedCurrency": "USD", "grossProfit": "3584000000", "totalRevenue": "12549000000", "costOfRevenue": "8965000000", "costofGoodsAndServicesSold": "8965000000", "operatingIncome": "428000000", "sellingGeneralAndAdministrative": "2526000000", "researchAndDevelopment": "552000000", "operatingExpenses": "3156000000", "investmentIncomeNet": "None", "netInterestIncome": "None", "interestIncome": "None", "interestExpense": "30000000", "nonInterestIncome": "None", "otherNonOperatingIncome": "None", "depreciation": "None", "depreciationAndAmortization": "973000000", "incomeBeforeTax": "398000000", "incomeTaxExpense": "93000000", "interestAndDebtExpense": "None", "netIncomeFromContinuingOperations": "0", "comprehensiveIncomeNetOfTax": "None", "ebit": "854000000", "ebitda": "1827000000", "netIncome": "305000000"}, {"fiscalDateEnding": "2015-01-31", "reportedCurrency": "USD", "grossProfit": "3620000000", "totalRevenue": "13053000000", "costOfRevenue": "9433000000", "costofGoodsAndServicesSold": "9433000000", "operatingIncome": "732000000", "sellingGeneralAndAdministrative": "2505000000", "researchAndDevelopment": "532000000", "operatingExpenses": "2888000000", "investmentIncomeNet": "None", "netInterestIncome": "None", "interestIncome": "None", "interestExpense": "18000000", "nonInterestIncome": "None", "otherNonOperatingIncome": "None", "depreciation": "None", "depreciationAndAmortization": "997000000", "incomeBeforeTax": "714000000", "incomeTaxExpense": "167000000", "interestAndDebtExpense": "None", "netIncomeFromContinuingOperations": "0", "comprehensiveIncomeNetOfTax": "None", "ebit": "912000000", "ebitda": "1909000000", "netIncome": "547000000"}, {"fiscalDateEnding": "2014-10-31", "reportedCurrency": "USD", "grossProfit": "4306000000", "totalRevenue": "14073000000", "costOfRevenue": "9767000000", "costofGoodsAndServicesSold": "9767000000", "operatingIncome": "826000000", "sellingGeneralAndAdministrative": "2724000000", "researchAndDevelopment": "548000000", "operatingExpenses": "3480000000", "investmentIncomeNet": "None", "netInterestIncome": "None", "interestIncome": "None", "interestExpense": "28000000", "nonInterestIncome": "None", "otherNonOperatingIncome": "None", "depreciation": "None", "depreciationAndAmortization": "1031000000", "incomeBeforeTax": "798000000", "incomeTaxExpense": "282000000", "interestAndDebtExpense": "None", "netIncomeFromContinuingOperations": "1648000000", "comprehensiveIncomeNetOfTax": "None", "ebit": "1376000000", "ebitda": "2407000000", "netIncome": "516000000"}, {"fiscalDateEnding": "2014-07-31", "reportedCurrency": "USD", "grossProfit": "3905000000", "totalRevenue": "13704000000", "costOfRevenue": "9799000000", "costofGoodsAndServicesSold": "9799000000", "operatingIncome": "354000000", "sellingGeneralAndAdministrative": "2777000000", "researchAndDevelopment": "574000000", "operatingExpenses": "3551000000", "investmentIncomeNet": "None", "netInterestIncome": "None", "interestIncome": "None", "interestExpense": "16000000", "nonInterestIncome": "None", "otherNonOperatingIncome": "None", "depreciation": "None", "depreciationAndAmortization": "1016000000", "incomeBeforeTax": "338000000", "incomeTaxExpense": "72000000", "interestAndDebtExpense": "None", "netIncomeFromContinuingOperations": "0", "comprehensiveIncomeNetOfTax": "None", "ebit": "922000000", "ebitda": "1938000000", "netIncome": "266000000"}, {"fiscalDateEnding": "2014-04-30", "reportedCurrency": "USD", "grossProfit": "3713000000", "totalRevenue": "13673000000", "costOfRevenue": "9960000000", "costofGoodsAndServicesSold": "9960000000", "operatingIncome": "759500000", "sellingGeneralAndAdministrative": "5413000000", "researchAndDevelopment": "537500000", "operatingExpenses": "4242000000", "investmentIncomeNet": "None", "netInterestIncome": "None", "interestIncome": "None", "interestExpense": "24000000", "nonInterestIncome": "None", "otherNonOperatingIncome": "None", "depreciation": "None", "depreciationAndAmortization": "1048500000", "incomeBeforeTax": "554000000", "incomeTaxExpense": "121000000", "interestAndDebtExpense": "None", "netIncomeFromContinuingOperations": "0", "comprehensiveIncomeNetOfTax": "None", "ebit": "759500000", "ebitda": "1808000000", "netIncome": "433000000"}, {"fiscalDateEnding": "2014-01-31", "reportedCurrency": "None", "grossProfit": "3713000000", "totalRevenue": "13673000000", "costOfRevenue": "9960000000", "costofGoodsAndServicesSold": "9960000000", "operatingIncome": "759500000", "sellingGeneralAndAdministrative": "None", "researchAndDevelopment": "537500000", "operatingExpenses": "4242000000", "investmentIncomeNet": "None", "netInterestIncome": "None", "interestIncome": "None", "interestExpense": "None", "nonInterestIncome": "None", "otherNonOperatingIncome": "None", "depreciation": "None", "depreciationAndAmortization": "1048500000", "incomeBeforeTax": "554000000", "incomeTaxExpense": "121000000", "interestAndDebtExpense": "None", "netIncomeFromContinuingOperations": "None", "comprehensiveIncomeNetOfTax": "None", "ebit": "759500000", "ebitda": "1808000000", "netIncome": "433000000"}, {"fiscalDateEnding": "2013-10-31", "reportedCurrency": "USD", "grossProfit": "18909000000", "totalRevenue": "57371000000", "costOfRevenue": "38462000000", "costofGoodsAndServicesSold": "38462000000", "operatingIncome": "3956000000", "sellingGeneralAndAdministrative": "10557000000", "researchAndDevelopment": "1956000000", "operatingExpenses": "0", "investmentIncomeNet": "None", "netInterestIncome": "None", "interestIncome": "None", "interestExpense": "57000000", "nonInterestIncome": "None", "otherNonOperatingIncome": "None", "depreciation": "None", "depreciationAndAmortization": "None", "incomeBeforeTax": "2871000000", "incomeTaxExpense": "820000000", "interestAndDebtExpense": "None", "netIncomeFromContinuingOperations": "0", "comprehensiveIncomeNetOfTax": "None", "ebit": "0", "ebitda": "None", "netIncome": "2051000000"}]}